1780 3151
764 90 810 140 135

71 196 133 244 sum,
146 179 187 245 ait,
199 196 283 247 panem
292 181 404 248 gentibus
417 210 427 234 a
440 183 456 233 ³.
471 198 481 223 o
493 184 595 250 Perage,
605 182 683 234 tribus
693 179 763 242 Iuda,
775 180 810 229 fe-

71 255 138 299 stum
155 253 314 302 anniversarii
331 254 386 301 1111Ξ
399 281 418 317 s,
437 255 581 320 intempore
598 256 662 313 enirn
679 251 736 302 festi
754 266 810 313 azy-

72 336 164 368 morum
171 322 227 370 feoit
233 322 350 370 Dominus
358 323 454 386 signum
463 324 488 370 in
494 326 604 388 panibus.
610 324 734 389 Propheta
740 319 809 369 dioit:

74 405 84 427 e
93 391 149 453 Fae,
162 391 232 453 Juda,
244 391 333 439 festum
346 393 505 442 anniversarii
516 394 559 455 tui,
569 420 578 442 s
591 393 650 456 quia
664 392 762 442 advenit
774 390 809 438 fe-

71 462 135 507 stum
143 460 301 508 anniversarii
310 461 393 509 nostri.
402 475 415 502 o,
421 461 453 509 Et
459 462 547 525 perfiee
555 462 639 509 foedus
646 466 721 523 tuum,
731 487 740 510 s
752 459 809 524 quia

72 528 170 577 advenit
179 545 256 592 agnus
265 545 337 578 verus
348 536 372 578 et
380 534 451 595 paota
460 531 558 594 antiqua
567 528 683 594 abrogata
688 534 713 576 et
719 544 808 577 memo-

72 598 221 646 ratiaeorum
228 604 463 648 eonsnmmatasunt
474 615 484 638 a
494 600 556 658 Quia
565 616 613 648 non
622 599 725 663 amplius
735 598 807 645 addet

70 667 149 716 faeere
167 668 319 731 iniquitatem
331 669 357 717 iu
369 674 392 717 te
406 696 426 719 1,,
444 669 522 728 Quis?
538 669 649 717 Potestas
663 683 749 731 regum
766 670 808 714 aut

72 737 229 785 sacerdotum.
241 736 291 785 Gur
300 754 348 786 non
357 739 429 787 addet
436 739 447 786 1
454 738 517 797 Quia
525 738 643 787 Dominus
652 737 738 802 perdet
746 751 807 783 eam·

72 819 83 843 ¹1
96 806 197 855 Omnem
210 810 353 870 potestatem
365 808 436 871 regni
448 813 472 855 et
483 807 612 857 sacerdotii
626 806 707 871 perdit
718 831 737 855 s.

143 875 222 933 Quum
235 876 312 939 igitur·
321 877 347 924 in
358 878 415 925 navi
427 878 539 926 sederent
550 882 576 925 et
588 881 659 927 vento
677 875 703 923 in
718 890 747 922 ea
758 873 810 936 agi-

72 947 181 992 tarentur
195 949 219 992 et
231 961 296 994 mare
308 950 392 994 eontra
405 962 445 995 eos
457 951 576 994 remmota
587 947 733 1008 insurgeret,
742 943 811 1007 venit

73 1013 192 1062 Dominus
218 1015 301 1078 eisque
320 1016 447 1079 apparuit,
466 1016 514 1081 ipsi
535 1021 615 1063 autem
641 1014 810 1079 opinabamur,

72 1087 195 1146 spectrum
207 1088 268 1145 esse,
278 1085 341 1147 quod
355 1085 391 1132 eis
402 1086 521 1150 apparuit.
533 1085 605 1134 Certe
616 1084 680 1132 eninr
693 1083 809 1140 sotebant,

73 1150 198 1200 Christum
209 1168 317 1218 corpore,
328 1154 391 1216 quod
404 1154 522 1218 gravitate
536 1154 687 1219 (inprimitur,
697 1152 809 1199 indutum

71 1236 125 1269 esse
143 1222 247 1285 ideoque
262 1222 375 1286 eogitatio
389 1240 429 1272 eos
441 1223 522 1284 subiit,
538 1240 613 1287 grave
632 1237 718 1286 eorpus
736 1234 810 1284 super

71 1305 147 1354 aquas
164 1291 287 1339 ambulare
300 1308 349 1340 non
366 1308 444 1356 posse.
457 1292 538 1350 Quum
549 1294 594 1340 hoo
611 1293 646 1340 ita
657 1306 683 1338 se
701 1290 810 1350 haberet,

72 1374 120 1407 non
132 1360 297 1423 imprudenter
309 1363 491 1426 obstupuerunt.
501 1362 536 1410 At
549 1362 569 1409 si
579 1363 661 1422 deses,
671 1364 699 1408 ut
708 1356 811 1406 111111111-
843 1360 847 1364 ’

72 1428 126 1476 eion
138 1429 204 1490 diois,
218 1444 317 1493 corpore
329 1446 378 1478 non
391 1435 442 1479 erat
454 1430 560 1493 indutus,
574 1432 690 1495 absonum
702 1431 755 1476 erat
766 1427 810 1474 mi-

73 1499 129 1561 rari,
143 1499 206 1561 quod
224 1514 297 1563 super
310 1515 384 1562 aquas
396 1499 540 1562 ambulavit3
555 1499 650 1564 spiritui
666 1498 730 1545 enim
749 1496 812 1543 diffi-

72 1566 118 1614 eile
136 1583 185 1615 non
203 1572 332 1632 estsuper
350 1584 416 1617 mare
434 1568 565 1617 ambulare.
585 1568 635 1616 (1111
653 1582 711 1630 ergo
729 1564 810 1615 mirati

73 1637 150 1684 sunt?
162 1637 189 1684 81
202 1653 255 1684 eum
270 1637 437 1701 inoorporeum
449 1641 575 1699 neverunt,
588 1636 755 1700 imprudenter
768 1634 810 1681 ad-

71 1706 153 1753 mirati
170 1709 263 1753 suntet
281 1707 354 1754 stulte
374 1706 551 1770 exoiamarunt3
565 1706 585 1755 si
601 1721 658 1754 vero
676 1702 810 1767 eorporalis

73 1780 134 1837 erat,
151 1779 215 1822 reete
234 1776 416 1840 obstupuerunt,
434 1775 490 1838 quia
508 1791 559 1823 rem
583 1789 670 1823 novam
687 1773 809 1833 viderunt,

72 1843 192 1906 videlieet,
205 1860 346 1908 corporeum
364 1860 436 1908 super
454 1844 531 1892 undas
549 1844 622 1892 maris
638 1841 810 1904 ambulantem,

72 1913 130 1976 quin
148 1914 351 1976 submergeretur.
370 1913 396 1961 81
409 1913 530 1977 objioiunt,
543 1913 600 1978 quia
617 1929 666 1961 nox
681 1916 740 1973 erat,
754 1926 809 1958 eum

62 1997 189 2046 apparere
201 1997 249 2029 non
267 1983 381 2046 potuisse,
394 1984 575 2046 respondemus,
587 1984 633 2031 hoe
646 1981 747 2030 Christo
761 1980 810 2044 spi-

72 2050 156 2099 rituaii
168 2051 264 2098 diffinite
277 2067 325 2099 non
336 2051 417 2114 fuisse,
430 2051 478 2115 qui,
491 2052 585 2116 quando
594 2052 682 2112 votuit,
691 2050 716 2096 in
728 2053 810 2096 monte

72 2123 99 2167 ut
119 2120 154 2168 soi
173 2119 290 2184 apparuit.
315 2121 347 2168 Et
364 2120 421 2182 quia
438 2121 490 2183 ipse
509 2120 626 2168 Dominus
645 2119 726 2181 seivit,
745 2117 809 2181 quod

72 2192 137 2239 reete
151 2190 332 2252 obstupuerunt,
345 2189 450 2236 animum
463 2204 546 2237 eorum
558 2189 701 2237 confortavit
713 2188 809 2235 disens:

73 2259 137 2321 Ego
157 2274 228 2320 sum,
247 2258 351 2305 notite
369 2257 491 2320 timere,
509 2258 524 2306 1.
539 2257 738 2322 eegesunriiie
757 2271 808 2304 eor-

73 2327 171 2393 poraiis,
184 2342 255 2391 quem
269 2343 311 2375 vos
325 2326 473 2390 cognoscitis.

73 2434 75 2438 .
144 2396 226 2445 Simon
249 2402 329 2444 autem
352 2396 506 2460 intelligens,
525 2413 580 2445 eum
599 2397 628 2445 de
647 2411 745 2459 corpore
764 2410 808 2443 suo

73 2464 164 2514 dixisse
175 2483 180 2513 :
195 2480 205 2504 o
217 2466 270 2529 Ego
284 2482 336 2514 sum
349 2493 368 2529 s,
380 2466 505 2530 respondit
517 2471 541 2515 et
553 2467 629 2515 dixit:
650 2481 659 2503 ‘t
670 2466 695 2514 81
707 2465 754 2512 hoe
769 2480 809 2512 re-

71 2549 130 2583 vera
145 2535 179 2582 ita
198 2539 241 2598 est,
256 2536 327 2583 etiam
347 2550 391 2600 ego
410 2550 481 2584 earne
499 2536 602 2585 vestitus
621 2534 699 2584 amr.
719 2534 745 2583 81
764 2549 809 2597 ego

126 2683 144 2720 1,
159 2682 251 2731 Zarnb,
262 2684 294 2722 10.
362 2676 364 2680 ’

126 2736 145 2772 2.
160 2735 231 2785 Pergit
240 2736 352 2785 explicare.
362 2734 415 2774 Nun.
427 2737 485 2784 1,15.

124 2789 143 2825 3.
157 2786 339 2827 Constructionem
354 2789 416 2839 huJ'us
433 2790 455 2827 et
468 2787 573 2839 sequentis
595 2785 710 2826 sententiae
726 2787 808 2826 mutare

72 2840 136 2891 nolui,
147 2840 194 2892 qnia
203 2841 248 2880 loeo
259 2841 325 2880 Murri.
336 2842 355 2892 8,
366 2843 377 2881 9
387 2841 460 2881 similis
471 2844 510 2880 est.
