1780 3151
79 219 197 270 Dominus
210 221 322 285 loquutus
336 225 379 285 est,
392 215 448 286 quia
460 236 515 269 eum
527 219 705 285 interrogarunt
720 222 744 268 et
759 221 815 269 effe-

79 292 119 353 cit,
132 296 158 339 nt
169 291 314 340 uestimenta
326 307 409 340 eorum
420 290 587 339 scinderentur
595 291 611 338 ¹.
624 291 662 339 Et
678 306 814 354 sumpse-

80 365 154 408 runt
172 364 202 408 et
216 360 382 410 'duxerunt
400 377 465 409 eum
484 359 520 408 ad
538 358 747 409 tribunallet
768 359 814 407 de-

80 429 196 478 derunt
214 430 244 477 in
262 445 369 479 manus
382 429 492 493 Pilati,
506 433 536 477 et
554 429 619 494 ipsi
636 444 697 477 non
717 429 814 477 intra·

80 503 155 547 runt
181 499 213 547 iu
239 498 401 550 interiora
427 500 459 548 in
476 499 593 562 aulam,
611 514 648 547 ne
666 497 814 546 contami-

80 573 244 631 narentur,
257 573 291 617 ut
308 570 397 634 prius
411 569 544 618 ederent
557 583 669 633 agnum
681 568 712 616 in
728 583 812 616 sanc-

80 637 185 686 titate.
206 638 379 687 OPharisaeil
393 654 446 686 ecce
466 637 582 687 audistis:
597 653 607 676 (ι
619 637 667 685 Hic
687 640 723 685 est
738 652 815 701 agnus

79 706 133 769 Dei,
146 707 185 755 hic
197 711 241 771 est,
254 708 295 772 qui
313 724 357 756 sua
371 708 534 756 immolatione
551 707 616 756 tollit
632 710 731 771 peccata
747 721 816 754 mun-

81 776 139 840 dia3
152 777 209 841 quid
222 793 280 841 ergo
293 793 390 827 necesse
404 781 462 840 erat,
475 781 509 840 nt,
521 777 617 841 quodie
631 792 708 840 agnus
720 780 816 825 uestrae

81 846 222 896 salvationis
246 847 422 910 immolabatur,
438 851 536 895 nostrae
562 861 656 912 quoque
678 845 817 895 salvationis

81 932 159 980 agnus
177 916 342 965 mactaretur?

151 986 269 1034 Dominus
282 985 393 1034 defensor
403 985 480 1034 factus
502 989 539 1034 est
549 985 659 1036 ueritatis
675 988 699 1033 et
714 982 818 1033 renitet

81 1054 156 1102 tacuit
168 1059 223 1103 ante
236 1054 350 1118 Pilatum,
362 1054 419 1119 quia
430 1054 519 1103 veritas
532 1054 711 1119 opprimebatur
720 1052 737 1101 ³.
750 1053 817 1102 Sicut

81 1124 124 1172 alii
138 1139 181 1188 per
200 1124 351 1172 defensiones
363 1124 489 1173 victoriam
506 1128 636 1189 reportant,
648 1118 686 1172 ita
699 1122 817 1171 Dominus

81 1209 125 1257 per
144 1193 266 1241 silentium
284 1209 354 1242 suum
371 1193 448 1242 uictor
472 1193 596 1256 discessit,
618 1193 673 1257 quia
693 1192 818 1254 tributum,

81 1262 145 1326 quod
158 1262 265 1311 divinum
279 1262 330 1326 ejus
348 1263 470 1311 silentium
488 1265 633 1324 merebatur,
649 1262 749 1311 victoria
766 1264 818 1310 erat

81 1347 153 1380 verae
172 1330 320 1380 doctrinael.
338 1333 369 1381 Iu
388 1332 496 1380 doctrina
513 1332 663 1396 loquebatur,
681 1331 707 1379 in
726 1328 817 1396 judicio

81 1402 183 1450 tacebat.
195 1401 252 1448 Non
263 1404 358 1450 tacebat
370 1417 398 1449 ea
410 1401 496 1465 quibus
508 1417 551 1449 nos
564 1401 733 1465 magnificabat
743 1399 760 1461 ὅ,
773 1413 817 1446 neo

82 1472 205 1534 pugnabat
222 1474 307 1518 contra
318 1486 359 1518 eos
371 1472 412 1534 qui
431 1472 612 1520 exacerbabant.
627 1471 710 1520 Verba
728 1469 817 1517 calum·

81 1540 201 1587 niatorum
220 1555 317 1587 suorum
330 1539 399 1603 quasi
411 1542 498 1588 corona
510 1540 582 1604 capiti
598 1540 649 1603 ejus
667 1538 817 1588 redimeban-

82 1612 128 1657 tur.
142 1608 235 1670 Tacuit,
247 1612 274 1656 ut
292 1624 318 1656 se
335 1613 429 1656 tacente
442 1608 479 1657 illi
497 1609 574 1672 magis
593 1609 777 1669 conclamarent,
793 1610 818 1654 et

80 1677 191 1726 omnibns
210 1678 248 1726 uis
268 1677 367 1727 uocibus
391 1694 434 1726 sua
458 1693 545 1726 corona
569 1678 674 1727 ornatior
696 1678 772 1726 fieret.
791 1675 818 1724 Si

81 1747 145 1795 enim
163 1747 276 1811 loquutus
295 1751 365 1809 esset,
377 1747 421 1795 illa
433 1747 519 1809 studia,
531 1744 596 1811 {qnae
615 1748 640 1795 in
658 1761 746 1795 corona
764 1745 816 1809 ejus

79 1816 227 1864 conficienda
238 1815 386 1880 laborabant,
400 1832 444 1865 sua
456 1816 558 1865 veritate
570 1817 729 1865 conticescere
747 1814 816 1863 fecis-

80 1890 124 1933 set.
144 1885 341 1934 Oondemnarunt
353 1901 414 1945 eum,
428 1885 484 1949 quia
496 1901 580 1933 verum
592 1885 699 1948 dixerat,
713 1884 755 1933 sed
767 1899 817 1932 non

80 1959 118 2002 est
130 1954 309 2016 condemnatus,
322 1954 378 2017 quia
396 1955 561 2002 condemnatio
576 1954 677 2003 uictoria
694 1955 745 2019 ejus
763 1953 816 2002 fuit.

79 2023 149 2071 Nihil
162 2023 237 2085 igitur
250 2039 304 2071 eum
322 2025 432 2085 urgebat,
444 2027 471 2071 ut
483 2022 517 2070 eis
532 2023 698 2088 persuadendo
717 2037 816 2087 respon-

81 2092 156 2141 deret.
169 2092 232 2141 Mori
250 2092 302 2157 ipse
318 2092 401 2155 voluit,
411 2096 435 2140 et
446 2092 570 2156 responsio
589 2093 739 2142 obstaculum
754 2107 817 2141 mor-

79 2161 111 2209 tis
125 2162 176 2225 ejus
188 2162 279 2210 fuisset.
293 2161 387 2224 Tacuit,
400 2164 463 2226 quia,
476 2163 497 2209 si
508 2161 622 2226 loquutus
635 2167 706 2225 esset,
718 2160 817 2210 menda·

80 2230 143 2278 cium
165 2247 244 2279 coram
262 2231 364 2280 veritate
389 2233 439 2296 ejus
461 2248 510 2280 non
530 2232 648 2295 potuisset
677 2231 815 2280 consistere.

80 2299 174 2349 Tolle
193 2317 207 2348 a
225 2301 316 2349 nobis
335 2301 438 2364 istum,
454 2300 535 2349 tolle
554 2317 569 2349 a
586 2300 686 2363 nobis,
700 2301 730 2350 ad
750 2299 815 2348 Pila-

79 2373 129 2418 tum
149 2369 290 2419 elamabant.
308 2370 355 2419 Hic
367 2375 448 2419 autem
466 2370 571 2419 secunda
587 2374 611 2418 et
628 2370 701 2420 tertia
715 2368 767 2419 vice
779 2383 817 2418 re-

133 2557 151 2593 1.
166 2555 200 2594 Ad
209 2556 295 2594 verbum
305 2569 309 2595 :
321 2564 330 2586 u
340 2557 361 2593 et
371 2555 431 2594 scidit
441 2558 564 2596 vestimenta
574 2568 645 2596 eorum
655 2577 672 2598 a.

132 2609 151 2645 2.
166 2608 199 2646 Ad
208 2609 308 2646 verbum:
319 2625 331 2644 e
339 2608 365 2646 ad
376 2612 456 2658 portam
465 2631 483 2651 a.

132 2661 150 2697 3.
166 2661 199 2698 Ad
208 2660 295 2699 verbum
302 2661 364 2712 juxta
371 2662 467 2701 Aucher:
480 2673 488 2694 u
497 2663 523 2701 nr
530 2662 594 2710 venit,
602 2661 674 2713 inquit,
684 2661 767 2701 silentio
776 2672 814 2701 suo

80 2722 150 2751 coium
159 2713 227 2752 Pilato
238 2726 275 2764 pro
286 2713 375 2752 veritate
384 2713 507 2765 injuriatus.
519 2715 621 2765 “Inquita
638 2715 697 2754 deest
708 2715 729 2753 in
741 2715 785 2754 cod.
791 2716 815 2753 B.

133 2767 152 2803 t.
167 2766 251 2805 Aucher
260 2768 326 2806 uerba
335 2766 407 2805 textus
418 2768 447 2806 sic
457 2767 536 2807 reddit:
550 2767 667 2814 iunoniam
678 2767 774 2806 meritum
788 2767 817 2806 di-

80 2818 122 2856 vini
133 2818 208 2857 silentii
217 2819 304 2858 victoria
312 2822 414 2859 estserae
425 2821 554 2863 doctrinam„

130 2871 148 2909 5.
164 2871 197 2911 Sic
212 2872 232 2910 in
248 2873 292 2913 cod¹
302 2873 325 2912 B.
341 2873 365 2912 In
376 2873 420 2913 cod.
432 2875 463 2913 A:
474 2886 526 2926 quae
537 2886 574 2915 nos
584 2872 744 2926 magnificabant
753 2893 769 2915 a.
