1780 3151
97 105 149 153 ire

100 210 187 257 passus
200 210 225 243 es
239 195 269 241 ad
281 192 418 243 convivium
432 199 500 243 tuum
512 193 603 243 intrare
615 194 627 241 Ρ
638 196 754 243 Attamen
773 199 798 243 tn
811 208 842 243 no

38 326 40 329 ι
89 273 134 311 “ox
146 265 191 311 hoo
201 263 298 327 quidem
307 264 449 327 cognovistiJ
461 264 585 313 Christum
596 280 649 312 esse
660 263 746 327 Deum,
759 264 839 328 quod*

101 333 267 381 absconditam
275 333 325 396 ejus
334 333 492 397 voluntatem,
505 350 566 398 quae
576 350 629 382 eam
641 333 783 395 adducebat,
796 333 841 380 im-

99 402 182 465 pedire
201 419 250 451 non
267 403 376 466 potuisti
393 404 459 452 Duo
482 404 652 454 debitores
671 408 762 452 erant
786 403 841 450 uni

99 471 227 521 domino
247 474 414 534 creditori,
429 490 510 522 nnus
532 473 669 524 debebat
685 474 839 536 quingen-

98 544 148 589 tos
168 541 323 591 denarios
343 548 372 591 et
391 544 476 594 alter
491 541 840 607 quinquagintautcla«

98 625 124 658 re
139 613 285 674 ostenderet,
299 629 324 661 se
337 614 429 661 ratione
442 613 496 661 eis2
515 613 672 660 conveniente
682 616 781 674 peona-ta
799 627 840 658 eo-

101 697 156 728 rum
175 683 310 731 aestimare.
330 683 423 730 Dixit
440 683 476 729 ad
495 681 652 730 Simonem
671 681 839 729 Pharisae-

96 765 155 798 nm:
180 752 309 800 Intravi
333 752 453 799 domurn
483 756 566 799 tuam
594 756 624 799 et
643 767 756 815 aquam
777 766 837 797 nou

100 818 222 869 dedisti
241 821 377 884 leodibus
395 821 480 870 meis.
498 820 566 869 Bene
580 821 673 882 accidit,
692 821 756 883 quod
769 818 836 884 pedi-

96 888 142 937 bus
156 892 207 954 ejus
221 906 307 954 aquam
318 906 366 938 non
379 890 480 953 dederit,
486 905 515 937 ne
526 890 693 954 impediretur,
706 889 837 953 quominus

97 957 237 1008 lavarentur
256 960 368 1023 lacrymis
381 960 528 1024 peccatricis,
548 977 607 1024 quas
621 959 775 1023 justificatori
794 974 836 1006 suo

95 1034 291 1093 praeparaverat,
303 1030 359 1077 Non
371 1029 423 1093 igni
435 1029 535 1078 incaluit
547 1045 617 1093 aqua
636 1046 684 1093 qua
697 1030 771 1093 pedes
785 1028 838 1092 ejus

95 1094 242 1159 lavarentur,
255 1098 312 1162 qnia
324 1098 445 1161 lacrymae
455 1099 596 1163 peccatricis
606 1098 723 1146 charitate
734 1098 785 1161 ejus
798 1113 837 1145 oa-

94 1165 215 1216 lefiebant.
228 1169 295 1226 Qirae
307 1168 410 1215 Domino
423 1168 624 1232 praestantiorem
641 1168 704 1216 hano
721 1167 835 1215 lotionem

94 1236 161 1299 feeit
172 1237 228 1301 quia
247 1238 309 1284 dona
322 1237 344 1284 ei
357 1235 456 1285 dederat
468 1237 628 1285 aemulatione
641 1236 740 1300 digner.
758 1236 845 1283 Lotus

95 1311 133 1354 est
145 1309 294 1367 recumbens,
305 1310 329 1353 et
340 1308 473 1370 praemium
489 1306 586 1355 lotionis
608 1322 665 1354 suae
676 1305 744 1354 dedit
752 1305 836 1368 expia-

93 1376 191 1423 tionem.
203 1376 317 1424 Hnmana
330 1377 381 1440 ojus
393 1381 480 1424 natura
492 1376 618 1425 lavabatur
631 1381 656 1423 et
667 1376 836 1437 recumbebot;

88 1444 176 1493 ‘divina
195 1450 275 1493 autem
293 1446 429 1494 mercedem
447 1444 566 1493 retribuit.
586 1445 643 1494 Sola
659 1446 764 1493 humana
782 1443 835 1507 ejus

92 1518 180 1563 natura
191 1515 268 1563 lavari
280 1520 383 1577 poterat,
404 1516 445 1563 sed
465 1515 517 1563 sola
534 1515 616 1563 divina
630 1518 718 1561 natura
735 1519 834 1577 peccata

92 1584 202 1633 mulieris
216 1584 347 1632 invisibilia
358 1584 484 1648 purgando
497 1601 541 1647 par
554 1588 612 1631 erat.
631 1585 679 1632 illa
691 1599 749 1646 ergo
764 1583 785 1629 ei
797 1583 834 1630 la-

93 1669 192 1701 vacrum
205 1654 262 1701 feeit
279 1653 448 1716 laerymarum,
467 1658 491 1700 et
509 1654 561 1717 ipse
575 1653 597 1699 ei
610 1653 676 1701 dedit
694 1653 830 1700 mercedem

92 1723 242 1771 remissionis
261 1727 421 1786 peecatorum.
440 1721 487 1770 Illa
505 1722 619 1786 lacrymis
637 1722 687 1771 suis
704 1722 831 1786 pulverem

90 1792 151 1840 lavit
163 1793 252 1857 pedum
265 1793 323 1855 ejus,
337 1796 361 1839 et
373 1792 425 1857 ipse
437 1792 518 1840 verbis
536 1792 585 1839 suis
598 1791 721 1840 cicatrices
735 1792 832 1840 dealba-

91 1862 127 1909 vit
140 1862 246 1925 corporis
260 1862 317 1925 ejus.
331 1860 378 1909 Illa
391 1878 445 1909 enm
458 1861 519 1908 lavit
530 1861 631 1924 impuris
645 1861 695 1908 suis
707 1859 830 1923 lacrymis7

91 1935 116 1977 et
129 1931 181 1995 ipse
207 1946 258 1978 eam
277 1930 337 1977 lauit
361 1931 428 1995 puris
452 1931 502 1977 suis
526 1929 615 1977 verbis.
633 1928 718 1977 abluit
741 1930 830 1978 mulier

89 2000 217 2064 pulverera
229 1999 334 2060 Domini,
344 2000 385 2063 qui
397 1999 504 2047 vicissim
517 1997 593 2046 abluit
606 1998 657 2062 ejus
669 1998 829 2061 iniquitatem.

89 2069 168 2117 Pedes
181 2070 279 2117 Domini
297 2070 341 2117 loti
360 2074 415 2117 sunt
433 2068 546 2132 lacrymis
559 2072 583 2115 et
595 2070 669 2116 rerba
688 2069 739 2133 ejus
758 2069 831 2117 dede-

89 2144 148 2187 runt
160 2138 326 2187 remissionem
340 2143 500 2203 peecatorum.

162 2208 311 2257 Osculum
337 2225 427 2256 unum
455 2207 670 2255 salutationis
696 2211 728 2255 tu
752 2208 829 2256 mihi

88 2278 288 2340 nondedisti,
304 2279 364 2327 illa
381 2293 466 2337 vero,
482 2294 519 2324 ex
534 2276 755 2339 quointrmit,
768 2293 828 2324 non

88 2346 235 2396 cessarit
254 2349 396 2396 oseulari
423 2347 521 2410 pedes
540 2361 632 2405 meos,
651 2350 681 2392 et
700 2345 771 2392 ideo
800 2347 828 2395 ei

88 2418 224 2465 dimissa
243 2423 315 2465 snnt
333 2420 465 2481 peecata
484 2430 539 2463 sua
559 2414 667 2476 multa7
689 2414 762 2477 quia
780 2432 827 2463 ve-

86 2488 253 2535 hementer
278 2486 405 2548 dilexit,
431 2485 505 2549 qnia
529 2484 563 2545 is7
588 2482 638 2530 oui
657 2500 766 2546 parum
785 2485 826 2532 di-

86 2557 238 2618 mittitur,
259 2572 367 2620 parum
386 2555 507 2616 diligit.
527 2552 622 2611 Quibus
639 2553 720 2602 verbis
737 2554 826 2602 verita-

140 2696 157 2732 1.
172 2694 206 2732 Ita
214 2693 235 2733 in
245 2693 291 2732 ced.
298 2694 325 2731 Β.
335 2693 360 2730 ln
370 2694 415 2732 ood.
425 2693 444 2730 A
456 2700 464 2721 o
474 2694 495 2731 et
505 2689 663 2733 absconditam„
676 2692 726 2745 eta

138 2748 157 2784 2.
172 2747 206 2785 Ita
214 2747 235 2786 in
247 2747 291 2785 cod.
301 2749 325 2786 B.
336 2747 361 2784 In
371 2747 415 2785 cod.
425 2745 443 2782 A
455 2754 463 2774 a
473 2745 491 2783 ei
501 2765 510 2785 π
523 2744 556 2783 vel
568 2752 576 2773 t
585 2742 624 2792 ipsi
631 2763 649 2784 ῃ.

139 2801 157 2837 3,
171 2800 240 2838 Locus
255 2800 378 2839 emendatus
392 2811 419 2838 on
430 2797 475 2837 eod.
488 2799 512 2837 B.
522 2798 546 2836 ln
557 2797 602 2836 eod·
612 2795 642 2837 A:
659 2795 717 2842 “oui
728 2797 748 2835 ci
758 2794 822 2844 dedit⁷

84 2852 108 2889 ut
118 2852 232 2891 acmularet
242 2854 295 2894 dona
304 2874 321 2895 a.
