1780 3151
112 150 156 198 166

111 253 208 286 censum
227 236 363 300 exigebant.
377 236 514 287 Voluerunt
532 237 595 286 enim
613 239 751 303 comperire,
764 242 845 286 utrum

110 312 202 372 strages
222 322 304 355 eorum
321 312 420 372 propter
438 308 545 373 ipsorum
563 305 678 357 sacrificia
691 309 712 357 ei
730 309 846 373 placeret,

110 377 190 441 sieque
203 381 286 425 contra
298 377 378 442 legem
391 383 415 426 et
427 394 481 427 oum
494 377 624 442 gentilibus
637 383 700 427 esset
711 417 716 441 ‚
729 394 759 426 an
771 378 845 426 sacri-2·

110 446 189 495 fieium
203 447 349 511 defenderet,
359 465 405 513 quo
418 464 475 498 casu
488 464 541 497 eum
554 449 617 514 apud
629 448 735 498 Pilatum
747 463 842 497 aecusa-

110 517 159 566 turi
171 522 247 581 erant,
260 518 323 582 quod
336 519 437 583 imperio
449 520 612 568 Romanorum
624 520 799 569 adversaretur.

179 588 843 653 Aliaparaloola2Homoqiridamplautarerat

111 656 143 704 iu
168 659 263 707 riusa
290 676 344 708 sua
370 659 465 708 ficum
483 658 610 707 etdioit
636 659 672 707 ad
699 659 842 707 colonum

110 725 178 790 (Luc.
191 730 229 791 13,
240 730 271 791 6).
287 729 390 778 Oolouus
403 729 441 779 hic
453 734 505 776 erat
521 728 577 792 lex3
590 730 619 777 ad
631 728 710 793 legem
729 729 792 776 enim
804 745 842 776 re-

112 799 193 862 spexit
204 799 219 847 Ἰ.
233 799 273 847 Hi
290 803 357 848 tres
376 799 449 848 anni
462 802 541 860 sunt,
554 799 738 863 quodrenio
751 813 842 863 quae-

110 884 182 917 rere
205 870 330 918 fructus
355 884 392 917 er
415 869 471 917 hac
487 868 560 931 lieu,
587 869 650 934 quod
672 872 771 934 propter
792 872 842 917 tres

110 938 261 1002 captivitates
283 938 351 1001 dixit,
373 939 458 1003 quibus
479 938 605 987 israelitae
625 940 714 1004 captiui
735 937 802 987 ducti·
819 942 843 985 et

110 1007 228 1072 castigati,
241 1024 289 1056 nou
302 1014 381 1056 autem
394 1008 514 1057 emendati
526 1012 589 1072 sunt,
603 1023 613 1047 u
625 1007 681 1073 quia
692 1011 788 1069 frustra,
801 1008 841 1068 ait,

108 1079 216 1141 percussi
245 1078 307 1126 filios
327 1083 420 1127 vestros
442 1083 465 1127 et
486 1078 637 1143 disciplinam
657 1095 705 1127 uon
732 1093 843 1143 suscepen

107 1147 182 1196 runt2
194 1175 212 1198 a.
226 1148 258 1196 Et
276 1152 303 1196 ut
323 1153 474 1210 monstraret,
487 1149 550 1212 quod
562 1152 587 1195 et
607 1148 719 1214 deinceps
739 1148 764 1199 in
790 1163 841 1195 eam

107 1216 250 1282 longanimis
274 1222 332 1281 erat,
354 1223 480 1283 postquam
496 1219 548 1284 jam
569 1218 659 1268 dictum
680 1223 716 1267 est
745 1218 842 1267 colono:

108 1288 265 1336 “Succide
288 1304 382 1351 ecura,
404 1288 575 1353 respondit
592 1289 724 1337 colonus
746 1294 775 1336 et
799 1288 840 1336 di-

107 1358 156 1406 xit
174 1358 363 1407 ei:Dimittc
383 1375 446 1407 eam
465 1363 495 1406 et
512 1358 568 1407 hoc
586 1375 671 1408 anno.
684 1359 777 1408 Annuit
791 1357 841 1405 Do-

107 1429 194 1491 minus,
208 1444 233 1476 se
245 1429 295 1477 fore
307 1428 469 1492 longanimem
491 1444 608 1492 argaeos,
622 1430 685 1492 quod
698 1434 734 1476 est
746 1432 841 1492 tempus

106 1498 260 1562 septuaginta
280 1499 462 1548 hebdomadum.
475 1498 593 1563 Tempore
607 1499 670 1547 euim
691 1498 782 1546 reditus
802 1513 842 1545 eo-

105 1583 159 1615 rum
180 1569 337 1617 consummati
358 1573 427 1617 erant
447 1568 481 1617 eis
501 1568 538 1616 illi
556 1572 605 1617 tres
621 1567 704 1631 annil,
718 1572 742 1616 et
756 1567 838 1615 eodem

105 1637 175 1685 modo
187 1655 249 1686 unus
268 1654 344 1687 annus
358 1638 443 1689 dieitur
456 1639 485 1686 de
498 1644 613 1702 tempore,
629 1638 692 1702 quod
711 1637 840 1687 adveutum

106 1705 198 1756 Christi
212 1708 350 1772 praecessit,
360 1709 416 1773 quia
426 1726 470 1773 per
480 1708 622 1757 sententiam
633 1709 705 1773 hujus
718 1707 774 1755 amri
787 1723 839 1755 sors

105 1792 188 1826 eorum
197 1778 277 1827 decisa
289 1781 331 1826 est.
345 1780 447 1828 Fructus
463 1778 519 1827 fidei
531 1778 557 1826 in
570 1778 603 1827 eis
616 1779 782 1842 quaerebatur,
794 1793 838 1825 nec

105 1848 277 1912 reperiebatur,
299 1850 362 1912 quod
385 1850 488 1897 daretur.
511 1848 562 1906 Quo
583 1847 635 1895 loco
656 1848 780 1911 impletum
802 1851 839 1895 est

105 1916 209 1964 dietum:
223 1932 232 1956 a
246 1918 358 1976 Quaesivi
371 1934 401 1966 en
417 1918 450 1966 eis
462 1918 540 1966 uirum
552 1921 737 1966 restauratorem
755 1916 838 1965 ruinae

106 1990 130 2033 et
142 2002 190 2034 uon
202 1992 238 2034 est
249 1987 360 2036 iuuentus
373 1988 398 2035 iu
410 1988 444 2035 eis
454 1987 465 2017 l
476 2014 494 2037 a.

175 2056 235 2105 Tres
257 2057 314 2104 anui
327 2061 420 2121 tempus
433 2061 469 2105 est
479 2057 496 2121 5,
509 2073 556 2121 quo
570 2056 604 2105 eis
617 2057 728 2117 ostendit,
741 2074 766 2106 se
783 2071 837 2104 esse

105 2126 260 2176 Saluatorem.
279 2128 311 2175 Et
329 2128 391 2192 quod
409 2128 483 2175 uoluit
501 2127 627 2176 ficulneam
645 2127 774 2189 eradicare,
792 2126 839 2174 hoc

103 2212 163 2261 opus
175 2197 211 2246 illi
232 2196 306 2262 priori
328 2196 404 2245 simile
418 2202 461 2259 est,
474 2198 567 2262 quando
589 2196 662 2246 Pater
683 2197 713 2245 ad
733 2196 834 2260 Moysen

103 2266 180 2315 dixit:
197 2282 205 2303 r
218 2267 317 2316 Dimitte
330 2284 367 2315 me
390 2283 429 2316 eos
451 2268 532 2317 delere
545 2284 559 2315 a
570 2267 629 2316 facie
650 2283 704 2316 mea
716 2294 734 2329 a,
748 2266 834 2331 quibus

157 2436 174 2472 1.
189 2435 249 2473 Sicin
260 2436 330 2473 sodli
347 2437 396 2474 haee
414 2440 434 2473 et
444 2435 571 2487 praecedens
588 2436 692 2473 sententia
709 2447 731 2473 se
748 2435 832 2473 linirent,

99 2488 184 2526 ducher
194 2488 245 2526 liaeo
256 2500 283 2526 en
292 2492 349 2526 textu
366 2489 466 2539 impresso
476 2490 504 2528 ita
514 2487 625 2528 translert:
639 2499 647 2519 t
656 2488 701 2528 Hoc
712 2488 751 2537 est,
761 2488 795 2527 len
805 2488 834 2525 le-

100 2541 130 2590 gis
141 2541 214 2579 i'aoiem
223 2542 310 2592 sunrpsit
318 2562 335 2581 a.

152 2596 171 2632 2.
186 2594 230 2632 dnn,
241 2597 260 2642 2,
271 2596 302 2633 30,
623 2620 624 2626 κ

151 2649 169 2685 3.
185 2647 338 2686 S.aiietorl1.l.
349 2648 438 2697 explicat
448 2652 489 2687 tres
506 2661 570 2688 aranos
588 2652 667 2698 tompus
684 2660 748 2698 usque
766 2649 792 2686 ad
801 2661 833 2686 ra

100 2700 162 2739 ditum
174 2714 199 2738 en
211 2701 331 2751 captivitato
344 2701 474 2751 ssoliylouioa,
485 2705 505 2740 et
516 2715 577 2740 unum
587 2713 667 2751 aunum,
680 2704 701 2739 ut
720 2702 741 2739 et
751 2704 832 2753 septus-1

97 2754 154 2801 ginta
170 2754 309 2793 hebdomades
325 2754 423 2798 llaniolis,
434 2758 513 2805 teinpus
525 2755 573 2793 dicit
585 2757 610 2794 ab
630 2755 665 2794 illo
681 2755 747 2793 reditu
766 2767 831 2806 usquo

98 2809 207 2847 rulvontnni
220 2807 302 2846 Christi

148 2864 166 2898 212.
181 2862 255 2899 Eznou.
266 2863 297 2910 22,
308 2863 339 2900 30,

150 2916 167 2952 ὃ,
183 2914 219 2953 llis
232 2914 298 2955 uerbis
308 2915 348 2954 alia
359 2914 419 2965 hujiis
430 2914 470 2955 loci
481 2915 590 2966 explicatio
601 2915 679 2967 incipit.
