1780 3151
85 113 133 167 22ss

85 206 122 270 pit
131 201 226 254 Simeon
235 206 391 269 praereptum
401 198 518 268 aSpiritu‘
526 208 614 264 saneto,
622 218 648 251 se
658 218 706 251 non
715 207 824 266 gustatu-

86 291 140 322 rum
155 276 264 333 mortem,
277 272 353 321 donee
363 272 458 321 videret
476 273 641 321 Dominum
655 272 787 334 Christum,
801 275 825 319 et

85 358 139 391 eum
158 341 304 406 suscepisset
316 341 445 391 Dominum
457 342 483 390 in
496 343 568 391 ulnas
581 357 645 404 snas,
657 341 734 390 dixit:
752 341 825 389 Nune

85 410 193 473 dimittis,
211 411 350 474 Domine,
370 427 465 460 servum
484 416 552 461 tuum
573 411 703 460 seeundum
723 411 824 459 remum

85 484 153 528 tuum
165 480 191 527 in
200 495 284 544 paoem
295 480 311 529 ⁴.
324 482 391 546 Ergo
401 497 415 529 a
425 481 516 546 Spiritu
526 485 607 530 saneto
620 484 745 544 aeoeperat
754 495 823 545 prae-

84 554 180 614 septum
202 554 225 598 et
246 550 323 599 dixit:
340 567 355 590 s
367 551 415 614 Tu,
434 551 579 612 Domine,
601 549 701 598 dimittis
727 565 823 598 serrum

83 624 192 682 tunnis,
213 623 240 667 ut
265 624 289 667 et
309 620 387 670 illud:
411 620 515 668 “Dones
538 619 633 668 videret
657 618 822 668 Dominum

85 688 209 738 Christum
222 716 241 739 o.

156 773 165 796 s
177 759 209 807 m
227 773 305 822 nemo,
317 759 358 821 ait,
376 759 443 807 norit
460 758 485 806 id
504 759 567 822 quod
587 762 623 807 est
639 756 753 821 hominis,
771 756 819 805 nisi

85 827 184 893 spiritns
195 828 307 891 hominis,
320 829 361 892 qui
373 833 410 876 est
422 828 447 876 in
459 844 499 891 eo,
512 829 546 876 ita
559 833 583 876 et
598 829 623 876 id
636 827 700 891 quod
716 832 753 875 est
766 826 820 888 Dei,

83 914 153 945 nemo
166 897 240 958 norit,
253 898 301 945 nisi
313 898 456 960 Spiritus
474 897 532 945 Dei
544 924 554 947 s
566 897 583 945 2.
596 899 652 946 Non
665 912 692 945 ao
706 896 726 944 si
745 896 820 960 Spiri-

83 971 122 1015 tus
135 967 187 1030 ejus
206 971 317 1014 ereatura
329 966 379 1029 ejus
393 966 431 1028 sit,
447 967 490 1014 sed
507 982 552 1030 per
569 968 615 1015 hoo
634 966 759 1031 Scriptura
776 981 820 1013 nos

83 1036 160 1097 dooet,
172 1035 284 1099 spiritum
302 1039 412 1084 nostrum
426 1052 440 1083 a
457 1040 545 1084 natura
561 1041 645 1085 nostra
662 1051 712 1084 non
730 1050 783 1083 esse
796 1050 820 1082 a·

83 1103 181 1153 lienum.
194 1119 203 1142 ιι
215 1104 270 1153 Nisi
284 1104 390 1169 spiritus,
403 1104 443 1168 ait,
457 1106 498 1168 qui
510 1110 547 1154 est
559 1121 590 1154 ex
603 1121 643 1168 ee,
656 1105 691 1153 ita
703 1107 728 1152 et
741 1104 821 1152 Deum

82 1190 152 1223 nemo
170 1174 244 1235 novit,
257 1174 304 1221 nisi
322 1173 426 1238 Spiritus
446 1174 505 1238 ejus,
518 1179 542 1222 et
564 1179 685 1223 serutatur
702 1173 821 1238 profunda

81 1244 133 1307 ejus
146 1270 164 1294 n.
178 1243 205 1291 Si
217 1243 306 1306 dieunt,
317 1243 432 1307 Spiritum
445 1243 475 1291 ad
488 1243 627 1292 discendum
643 1242 753 1305 serutari,
765 1257 820 1306 per·
842 1285 844 1287 .

80 1313 195 1376 pendant,
208 1328 263 1360 eum
276 1329 347 1375 quem
360 1312 412 1376 quis
431 1317 559 1376 serutatur,
574 1313 691 1361 minorem
710 1328 763 1361 esse
782 1327 817 1373 eo,

79 1382 120 1445 qui
133 1386 260 1430 serutatur.
275 1381 354 1440 Quum
367 1381 445 1429 dixit:
461 1396 470 1418 s
481 1382 517 1430 lte
530 1383 557 1430 in
572 1380 708 1432 unirersam
727 1386 818 1430 terram

80 1456 104 1498 et
116 1452 236 1515 baptizate
247 1467 287 1499 eos
297 1451 323 1498 in
331 1451 427 1499 nomine
436 1450 520 1512 Patris⁴
527 1456 551 1499 et
560 1452 618 1499 Filii
628 1457 651 1499 et
665 1451 769 1515 Spiritus
779 1477 788 1500 s
797 1449 816 1511 3,

78 1536 127 1568 non
140 1520 217 1568 dixit:
232 1534 241 1558 o
254 1521 284 1568 ln
296 1521 391 1568 nomine
405 1519 485 1568 Patris
498 1525 522 1568 et
533 1521 559 1568 in
571 1521 666 1569 nomine
678 1521 736 1568 Filii
754 1520 815 1567 etin

78 1590 174 1637 nomine
193 1590 297 1654 Spiritus
310 1616 329 1652 o,
342 1594 369 1637 ut
381 1589 526 1652 ostenderet,
540 1606 580 1639 eos
594 1606 646 1639 esse
661 1606 733 1638 unam
745 1593 815 1636 natu-

77 1675 136 1721 ram,
158 1659 215 1722 quia
234 1659 260 1706 in
280 1675 328 1707 uno
349 1659 445 1706 nomine
466 1662 517 1706 tres
537 1675 653 1724 personas
674 1658 814 1707 nominavit.

78 1742 88 1764 s
101 1727 229 1792 Templum
241 1727 288 1775 Dei
307 1728 364 1776 estis
378 1743 429 1789 ros,
442 1727 483 1789 ait,
496 1731 520 1775 et
536 1728 640 1793 Spiritus
659 1729 706 1776 Dei
722 1728 816 1776 habitat

77 1797 102 1844 in
114 1798 182 1846 robis
196 1823 205 1846 n
217 1796 234 1844 l.
249 1797 274 1846 Si
286 1798 403 1861 templum
415 1813 505 1858 sumus,
518 1799 636 1861 quomedo
651 1813 732 1845 sumus
747 1797 815 1845 habi-

79 1866 138 1914 tatio
157 1866 281 1931 Spiritus?
294 1867 323 1914 ld
342 1866 464 1928 dilueidat,
477 1868 541 1930 qnod
560 1867 650 1915 dietum
669 1872 721 1914 est:
742 1881 752 1904 o
763 1866 814 1914 Vos

75 1935 193 1999 tempium
205 1936 263 1983 estis
276 1936 380 1998 Spiritus
393 1935 476 1996 saneti,
489 1936 530 1999 qui
547 1935 640 1984 habitat
657 1935 682 1983 in
694 1936 762 1984 vobis
774 1961 784 1984 o
796 1933 813 1982 5.

76 2004 108 2052 ldt
120 2005 145 2052 in
158 2003 249 2052 astibus
262 2004 435 2068 Apostolorum
448 2004 520 2051 dioit:
535 2019 545 2041 o
558 2004 620 2062 Quia
635 2005 725 2069 plaouit
737 2004 813 2066 robis,

76 2077 170 2122 tentare
184 2072 301 2138 Spiritum
319 2072 416 2120 Domini
426 2099 445 2136 s,
458 2078 499 2122 et:
514 2089 523 2111 <t
536 2072 592 2121 Non
607 2074 721 2122 mentitus
743 2089 769 2121 es
787 2077 815 2120 tu

75 2142 220 2205 hominibus,
234 2142 277 2191 sed
289 2142 341 2190 Deo
351 2141 361 2172 ⁶
373 2169 392 2193 n.
410 2143 478 2206 Ergo
497 2142 601 2208 Spiritus
615 2147 652 2191 est
669 2143 744 2206 Deus,
757 2143 814 2207 qnia

77 2227 108 2260 ex
121 2212 173 2260 Deo
187 2217 230 2261 est.
248 2211 344 2260 Nomen
356 2211 452 2276 quidem
470 2212 516 2260 Dei
529 2211 600 2260 etiam
615 2212 758 2278 hominibus
770 2212 813 2259 tri-

74 2281 164 2345 buitur,
176 2297 278 2346 quorum
295 2281 391 2345 quidam
411 2280 444 2329 dii
461 2282 540 2330 vooati
558 2286 621 2344 sunt,
636 2286 663 2329 ut
681 2286 705 2329 et
723 2296 811 2330 nomen

74 2349 155 2399 Patris
169 2355 193 2399 et
203 2366 292 2399 nomen
303 2349 361 2399 Filii
373 2366 417 2398 nos
429 2351 558 2416 aooipimus
576 2367 620 2415 per
633 2351 742 2415 gratiam.
760 2351 811 2399 Ho÷

74 2420 133 2468 mini
151 2420 198 2469 Dei
215 2435 302 2469 nomen
320 2419 466 2484 attribuitur,
478 2424 505 2469 ut
517 2419 616 2484 Moyses
634 2419 810 2470 voratur'deus

128 2589 145 2625 1.
159 2588 209 2626 Luo.
224 2589 243 2636 2,
253 2588 286 2625 26.
296 2587 329 2625 28.
339 2588 371 2625 29.

127 2640 146 2678 2.
160 2640 171 2677 Ι
181 2640 231 2679 Con.
242 2640 261 2686 2,
272 2640 303 2677 11.

126 2694 144 2730 3.
159 2692 225 2731 llam.
235 2693 268 2741 28,
279 2692 310 2730 19.

126 2746 144 2783 4.
160 2745 170 2783 I
181 2746 231 2784 Son.
241 2747 260 2794 3,
271 2744 301 2783 16.

127 2798 145 2834 5.
160 2798 191 2837 Of.
201 2799 212 2836 I
221 2798 271 2837 Soa.
281 2798 300 2847 6,
311 2799 342 2836 19.

127 2853 145 2890 6.
160 2851 209 2891 Aer.
220 2852 257 2890 Ar.
268 2851 286 2902 5,
297 2852 309 2891 9
320 2852 341 2891 et
350 2850 370 2901 5,
380 2852 400 2889 3,
