1780 3151
110 96 141 146 18

108 185 242 247 aoeedebat,
263 188 289 233 ut
306 183 350 248 illi,
368 184 409 249 qui
427 184 530 233 adeum
549 189 662 251 tanquam
680 187 711 235 ad
722 186 842 237 hominem

108 255 270 316 aeoessissent,
289 255 523 319 reprehenderentur
541 261 565 305 et
583 261 748 321 arguerentur.
761 259 841 306 Unam

107 325 187 388 igitur,
201 323 262 389 quae
274 326 337 374 inter
350 342 432 375 omnes
451 343 505 374 eum
518 328 615 389 adierat,
634 343 665 375 ex
683 328 791 376 omnibns
805 344 841 376 se-

106 396 208 459 pararit,
217 400 244 446 111
256 412 339 445 61111166
351 412 399 446 uno
412 399 485 446 verbo
498 397 600 461 dooeret,
613 414 638 445 se
650 413 728 461 nosse,
738 413 787 460 our,
800 402 841 446 ant

106 465 224 529 quomodo
237 468 402 533 unusquisqne
415 484 497 516 eorum
509 468 588 532 ipsum
601 469 706 517 adiisset.

177 535 224 594 Qui
234 552 292 601 ergo
303 538 460 603 oorporaliter
470 553 523 584 eum
533 537 620 600 adibat,
628 539 776 602 oorporalem
786 554 840 586 sen-

106 604 138 653 sit
155 610 252 670 tanturn,
266 612 290 655 et
302 609 343 671 qni
355 607 513 672 ‘spiritualiter
527 623 581 654 eum
595 608 687 670 adibat,
700 625 742 673 per
755 608 839 673 palpa-

105 675 196 725 tionem
214 677 368 726 hiinranitatis
392 677 571 741 impalpabilem
594 677 703 742 palpavit
727 678 848 732 divinita--

105 750 161 794 tem.
181 746 227 805 Qut
245 748 325 796 adibat
337 763 391 794 eum
404 753 517 811 tanquam
534 748 661 809 hominem,
676 748 839 813 palpationem

106 816 262 865 humanitatis
274 818 300 864 in
313 833 339 864 eo
354 818 458 880 invenit,
477 817 518 880 qui
536 820 616 865 antem
634 822 748 881 tanquam
760 818 838 866 Deum

107 903 160 934 euru
173 887 260 950 adibat,
273 887 412 936 thesaurum
425 886 555 936 sanationis
571 887 680 936 dolorum
693 905 789 936 snorum
801 905 839 937 re-

105 957 175 1021 perit.

174 1027 199 1076 Si
208 1026 294 1075 mulier
304 1042 318 1074 a
328 1026 435 1075 ornoiatu
445 1030 529 1075 sanata
538 1026 599 1076 olam
609 1028 767 1091 discessisset,
777 1045 838 1092 prae-

104 1100 213 1161 terquam
220 1098 283 1162 quod
290 1097 433 1145 miraoulum
442 1097 590 1145 multitudini
599 1098 765 1146 absconditum
774 1115 840 1146 man-

103 1167 181 1230 sisset,
192 1167 264 1215 etiam
276 1167 330 1231 ipsa
342 1167 428 1216 111111161
443 1167 599 1231 corporaliter
618 1172 708 1231 sanata,
727 1168 840 1232 spiritua-

103 1236 160 1285 liter
173 1244 271 1301 aegrota
284 1238 427 1286 discessiset.
442 1237 557 1296 Quamvis
577 1238 640 1285 enim
657 1243 756 1302 propter
770 1254 839 1285 sana-

103 1307 194 1356 tionem
207 1307 331 1356 Christum
342 1309 421 1358 rirnm
430 1308 523 1371 justum
533 1323 585 1355 esse
596 1308 745 1370 dedidisset,
758 1312 840 1355 tamen

34 1427 36 1434 ,
103 1377 124 1425 61
136 1395 175 1426 166
190 1377 546 1441 6111116111111611616661,111111111
561 1377 627 1426 Dens
643 1383 713 1440 esset,
733 1378 838 1426 dubitas·

103 1451 147 1496 set.
165 1448 228 1497 Nam
240 1454 264 1495 et
277 1448 307 1495 ad
321 1448 400 1512 justos
419 1447 529 1495 nonnulli
547 1453 699 1496 assesserunt
718 1453 742 1495 et
760 1448 838 1495 sanati

103 1517 227 1579 suntsed
245 1534 293 1566 non
311 1518 352 1581 ita,
371 1522 397 1564 ut
411 1517 472 1581 justi
490 1521 669 1580 oognosoerent,
692 1518 789 1582 quinam
807 1518 838 1565 ad

102 1587 168 1652 ipsos
181 1588 340 1636 aooessissent
351 1592 374 1636 et
384 1588 461 1635 sanati
470 1591 555 1635 essent.
565 1587 590 1635 N
592 1603 603 1634 6
614 1603 671 1652 ergo
681 1588 775 1649 mulier,
785 1604 838 1650 quae

101 1673 200 1722 corpore
213 1660 349 1721 sanabatur,
363 1662 443 1705 11161116
456 1661 600 1720 aegrotaret,
614 1662 720 1705 mentem
734 1658 784 1722 ejus
798 1673 836 1705 sa·

33 1775 35 1781 ,
99 1744 157 1776 nare
175 1728 299 1777 festinavit
322 1728 447 1789 Dominus,
467 1727 508 1791 qui
531 1726 562 1775 ad
581 1727 682 1775 salutem
703 1727 791 1775 mentis
811 1731 835 1774 et

99 1798 205 1863 eorporis
218 1802 324 1847 venerat.
344 1798 403 1846 ldeo
417 1798 491 1846 dixit:
510 1796 586 1856 Quis
605 1797 720 1860 tetigit
738 1796 835 1845 vesti-

99 1874 205 1917 menta
222 1884 294 1915 inea.

171 1938 236 1997 Quae
251 1953 305 1985 eum
318 1937 438 2001 tetigerat,
457 1935 574 1984 Dominus
587 1935 736 1984 manifestam
754 1936 834 1984 faeere

98 2007 182 2071 noluit,
201 2024 249 2056 non
267 2007 330 2072 quod
347 2007 456 2055 homines
474 2010 537 2053 esset
549 2005 700 2070 decepturus,
717 2006 758 2070 qui
770 2006 834 2054 frau-

99 2077 154 2125 dem
166 2079 210 2126 hoo
222 2078 273 2142 ipso
287 2077 348 2124 laeto
360 2077 477 2141 impedire
489 2075 572 2137 voluit,
585 2092 661 2141 neque
672 2077 734 2140 quod
744 2077 833 2125 verita-

97 2151 147 2195 tem
158 2147 233 2196 nollet
245 2147 358 2210 confiteri,
372 2148 413 2211 qui
424 2147 486 2209 ideo,
504 2150 531 2193 111
543 2146 650 2194 homines
663 2163 722 2194 vera
734 2147 830 2194 eonfite-

94 2222 187 2281 rentur,
201 2217 246 2265 hoo
257 2217 319 2265 feeit.
330 2217 410 2276 Quare
420 2232 477 2282 ergo
487 2216 604 2264 Dominus
616 2216 768 2264 manifestum
781 2233 829 2264 non

94 2287 159 2351 feeit,
173 2287 226 2353 quis
236 2304 290 2334 eum
299 2287 437 2350 tetigisset?
450 2286 512 2345 Quia
524 2287 629 2347 deoebat,
642 2290 668 2333 ut
681 2291 765 2333 sanata
776 2286 829 2349 ipsa

94 2360 186 2407 medioo
196 2358 265 2406 166116
274 2357 350 2420 fieret,
358 2362 381 2406 et
393 2374 420 2405 ea
429 2372 489 2423 qnae
498 2356 624 2403 manifeste
634 2357 770 2417 sanabatur,
780 2356 828 2404 uir-

93 2430 147 2493 tuti,
166 2444 227 2494 quae
246 2443 299 2476 eam
316 2427 342 2475 in
359 2426 498 2476 absoondito
516 2429 649 2489 sanarerat,
667 2425 829 2475 testimonium

94 2500 213 2548 redderet.
227 2497 344 2546 Dominus
357 2514 404 2546 non
416 2511 577 2562 praepropere
590 2496 619 2542 de
638 2510 663 2543 66
681 2494 732 2559 ipso
745 2496 828 2544 testifi-

93 2574 160 2618 eatus
174 2573 217 2632 est,
236 2568 436 2633 11111111111111161116
449 2566 599 2615 inimieorum
612 2581 708 2613 suorum
720 2581 828 2615 versare-

93 2642 141 2702 tur,
151 2640 193 2688 sed
203 2644 270 2687 stans
281 2637 423 2702 expectavit,
433 2639 507 2685 donee
517 2652 584 2700 opus,
597 2634 659 2698 quod
668 2634 763 2698 fenerat,
774 2652 828 2684 eum

93 2711 249 2774 praedioaret.
259 2709 312 2758 Hae
324 2707 405 2771 itaque
419 2707 583 2771 expeotatione
595 2710 618 2753 et
630 2706 712 2754 amieis
722 2706 827 2754 animum

94 2779 193 2842 addidit,
213 2784 237 2828 61
255 2778 363 2827 inimicos
382 2778 469 2841 arguit.
493 2778 556 2825 Nam
575 2792 647 2840 quum
666 2776 827 2841 exspeotando

93 2849 218 2900 mulierem
228 2850 253 2899 in
262 2849 366 2898 medium
376 2847 537 2914 produxisset,
548 2850 596 2895 tam
609 2847 678 2896 auriol
688 2848 746 2912 ejus,
755 2861 826 2911 quam
