1780 3151
767 114 780 158 t

43 226 101 272 rem,
115 226 187 274 quum
199 208 270 272 longe
284 209 385 269 abesset,
398 209 545 271 poposcerat,
564 218 638 268 quum
651 202 676 248 in
688 216 781 248 armun-

42 280 142 328 ciatione
161 278 370 344 appropinquaret,
394 293 442 324 non
465 275 572 324 credidit.
597 273 681 322 Donec
699 270 781 319 crede-

42 352 89 413 bat,
103 350 174 398 etiam
187 349 335 412 loquebatur,
347 350 375 393 ut
387 351 466 393 autem
485 346 581 393 credere
600 344 679 407 desiit,
698 343 781 391 obmu-

42 421 94 468 tuit.
109 418 217 467 Credidit
230 422 253 465 et
265 417 358 465 locutus
371 420 414 477 est,
432 419 459 462 ut
472 415 595 478 Scriptura
608 414 676 461 dicit:
697 428 707 450 ιι
721 411 779 460 Ore-

41 490 98 551 didi,
110 492 208 552 propter
221 486 284 551 quod
296 487 389 535 locutus
411 484 503 533 sumls.
521 484 600 547 Igitur
612 484 668 547 quia
678 484 779 532 verbum

41 558 174 623 vilipendit,
187 559 260 606 verbo
273 557 375 605 afflictus
389 560 432 617 est,
444 559 471 601 ut
482 555 590 615 verbum,
603 553 666 617 quod
676 552 778 616 vilipen-

41 628 116 691 derat,
130 627 195 676 vocis
209 643 265 675 suae
278 627 371 674 defectu
383 626 518 674 honoraret.
534 623 596 682 Quia
607 639 633 670 os
646 623 697 687 ejus
712 622 779 669 dixe-

41 703 93 746 rat:
119 697 275 756 Quomodo
300 697 364 744 fiet
387 694 483 756 istud,
511 709 565 741 eum
590 697 683 740 mutum
709 691 779 739 reddi

41 767 152 832 oportuit,
170 772 197 814 ut
215 767 325 829 disceret,
343 765 408 814 istud
426 764 478 813 fieri
492 779 570 828 posse.
588 763 683 826 Lingua
701 761 780 810 soluta

39 837 167 901 ligabatur,
180 841 207 884 ut
219 837 329 899 disceret,
341 836 394 884 fieri
406 851 484 901 posse,
495 838 522 881 ut
531 839 613 882 uterus
626 832 715 897 ligatus
729 831 776 879 sol-

39 912 143 970 veretur,
163 907 321 971 cognovitque
339 905 472 967 Zacharias,
498 920 552 952 eum
570 904 612 968 qui
628 903 714 967 ligavit
732 901 778 949 lin-

41 993 119 1039 guam,
132 981 226 1025 uterum
239 976 332 1025 solvere
344 992 422 1041 posse.

109 1046 199 1094 Doceat
211 1047 360 1110 experientia
372 1062 426 1093 eum
438 1045 479 1110 qui
491 1043 576 1106 noluit,
588 1047 615 1091 ut
628 1059 653 1090 se
666 1042 726 1091 fides
736 1042 777 1090 do-

41 1121 111 1164 ceret.
125 1116 203 1175 Quum
216 1116 279 1164 enim
291 1117 357 1181 loqui
369 1120 479 1177 tentaret,
490 1118 605 1178 expertus
615 1117 658 1176 est,
672 1129 697 1161 se
710 1113 776 1177 loqui

39 1202 87 1234 non
104 1202 182 1251 posse,
200 1191 297 1249 tumque
315 1186 443 1248 intellexit,
456 1184 606 1233 claudentem
622 1199 647 1231 os
666 1188 776 1248 apertum

40 1257 132 1319 aperire
144 1272 215 1320 posse
227 1261 322 1304 uterum
334 1256 447 1304 clausum.
466 1256 502 1303 Eo
520 1255 583 1317 quod
600 1258 681 1301 mutus
699 1254 775 1301 factus

40 1330 82 1387 est,
93 1331 156 1373 certo
167 1326 284 1389 cognovit,
293 1342 364 1389 quam
373 1326 460 1391 injuste
469 1325 563 1372 locutus
573 1327 644 1371 esset.
652 1322 702 1371 Our
712 1323 775 1371 enim

38 1393 78 1442 lex
87 1396 220 1459 praecepit:
233 1410 242 1432 a
252 1395 333 1443 oculus
343 1412 386 1460 pro
396 1396 462 1444 oculo
472 1422 491 1457 a,
503 1394 551 1441 nisi
560 1398 586 1441 ut
597 1394 693 1457 iniquus
703 1393 775 1441 amis-

38 1463 103 1511 sione
116 1464 179 1512 oculi
191 1464 228 1512 sui
240 1464 350 1527 disceret,
363 1482 434 1529 quam
447 1464 569 1528 egregiam
581 1480 632 1512 rem
641 1463 774 1512 violasset?

36 1533 75 1580 Ita
86 1538 110 1580 et
121 1533 247 1582 Zacharias
259 1537 332 1583 verbo
345 1535 485 1599 delinquens
495 1535 568 1583 verbo
580 1533 678 1598 punitus
692 1538 735 1596 est,
747 1537 775 1580 ut

36 1602 139 1650 fructum
146 1603 156 1633 Ξ
164 1604 243 1667 justae
256 1605 419 1653 retributionis
430 1608 544 1668 gustaret.
551 1604 664 1652 Privatus
674 1608 711 1651 est
720 1619 774 1652 ver-

36 1671 73 1733 be,
84 1672 139 1735 quia
148 1673 333 1736 existimaverat,
341 1676 448 1736 verbum,
459 1674 522 1738 quod
532 1674 577 1721 sibi
587 1673 716 1736 dicebatur,
725 1689 774 1721 non

37 1739 161 1804 impletum
179 1742 216 1790 iri.
236 1742 333 1800 Quum³
353 1760 379 1791 os
398 1745 448 1807 ejus
466 1742 630 1807 impediretur,
646 1743 773 1806 quominus

36 1811 171 1859 necessaria
182 1811 262 1860 verbis
283 1813 436 1877 exprimeret,
454 1813 544 1875 didicit,
561 1815 661 1862 verbum
682 1829 774 1860 aunuu-

36 1879 143 1928 ciationis
157 1898 170 1929 a
183 1897 207 1929 se
220 1881 282 1928 male
299 1883 373 1931 fuisse
385 1883 533 1948 impeditum.
551 1884 632 1932 Verbo
644 1881 773 1931 Zachariae

35 1948 196 2013 vituperatum
206 1955 242 1998 est
250 1954 350 2001 verbum
360 1954 452 2017 angeli3
464 1954 506 2001 sed
515 1958 539 2001 et
547 1955 647 2002 verbum
657 1953 707 2016 ejus
716 1968 773 2017 poe-

35 2033 78 2066 nas
91 2019 136 2067 luit
148 2023 177 2069 ab
187 2021 282 2084 angelo.
301 2023 369 2070 Licet
387 2024 466 2071 omnia
483 2027 590 2073 membra
601 2023 627 2070 in
638 2038 685 2070 uno
698 2039 772 2071 mem-

35 2089 77 2135 bro
87 2094 233 2152 paterentur,
246 2094 361 2140 tamenin
370 2093 560 2157 praesentiarum
574 2110 618 2158 per
629 2094 772 2155 membrum,

36 2158 99 2220 quod
111 2159 218 2224 deliquit,
236 2159 374 2210 Zachariam
386 2164 467 2227 puniri
479 2165 584 2227 oportuit
593 2163 610 2211 l.
623 2162 677 2211 Etsi
695 2178 773 2228 poena

36 2227 66 2274 ad
79 2229 158 2276 omnia
170 2232 276 2278 membra
288 2233 432 2295 perveniret,
451 2237 532 2280 tamen
543 2234 620 2299 ipsam
632 2249 734 2297 poenam
747 2233 773 2281 iu

36 2297 112 2361 capite
126 2300 231 2362 gustavit
241 2298 257 2346 5.
267 2301 410 2365 Hujusmodi
420 2307 488 2351 erant
500 2302 628 2352 Zachariae
639 2303 732 2365 delicta,
745 2310 772 2350 ut

35 2381 136 2486 poenaqq
155 2370 232 2470 qubito
245 2370 271 2417 in
283 2387 337 2420 eum
355 2373 507 2435 adducerent,
525 2390 556 2422 ne
575 2379 598 2422 et
616 2374 677 2422 alius
695 2374 771 2435 fieret,

37 2438 117 2486 sicuti
138 2455 149 2486 e
172 2478 177 2487 .

91 2567 107 2602 1.
122 2564 197 2607 Psami.
213 2571 257 2619 115,
268 2573 287 2610 2.

89 2618 108 2653 2·
123 2619 172 2659 Ood.
182 2623 210 2661 B:
220 2624 248 2662 Ut
257 2637 295 2676 per
306 2624 462 2674 castigationem
472 2625 562 2665 fructum
573 2629 611 2664 etc.

89 2671 108 2706 3.
122 2671 155 2710 lta
164 2675 184 2713 in
195 2677 240 2715 cod.
250 2680 266 2717 B
278 2679 393 2717 sententiae
402 2678 480 2717 divisae
490 2683 544 2716 sunt.

89 2724 107 2760 4.
122 2724 147 2761 ln
157 2728 199 2766 cod.
209 2730 235 2769 B:
248 2741 256 2762 a
263 2731 384 2781 hlembrum,
393 2733 447 2782 quod
456 2732 548 2783 deliquit,
555 2730 622 2782 puniri
632 2729 767 2782 oportebata.

49 2827 54 2835 Ω
89 2775 107 2812 5.
122 2776 147 2814 111
157 2781 201 2819 cod
209 2783 238 2823 B:
248 2803 259 2822 u
265 2786 334 2837 Ipsam
341 2798 429 2837 poenam
437 2786 488 2824 illud
495 2786 607 2824 membrum
616 2783 703 2838 (lingua)
710 2798 769 2835 prae-

37 2839 95 2878 cipue
105 2832 196 2878 gustavit
205 2856 222 2875 a.

89 2883 107 2920 6.
122 2884 179 2924 Haec
188 2889 304 2941 obsequens
313 2892 417 2931 sententia
424 2891 444 2930 in
454 2890 566 2931 cod.B:ita
574 2893 659 2930 serrant:
669 2891 713 2930 dUt
720 2903 769 2942 poe-
