1780 3151
748 122 793 170 103

64 209 162 275 riticum,
171 212 255 278 quoda
264 211 315 261 Deo
322 213 346 262 in
359 213 538 263 retributionem
548 228 645 277 opernm
655 201 792 275 imponitur.

64 284 89 333 Si
101 287 180 331 autem
192 284 258 346 dicis,
268 289 366 348 propter
375 286 501 333 coelestem
510 281 713 331 conversationem
722 279 792 328 illum

64 353 204 419 prophetam
229 354 347 417 “angelus
374 370 460 403 meus„
483 370 497 400 a
518 351 655 417 parentibus
682 355 792 400 vocatum

63 438 115 471 esse
129 424 157 471 de
170 423 252 471 haere
265 424 367 489 amplius
376 439 424 471 non
434 422 609 470 contendemus.
623 421 670 469 Sed
683 422 712 468 de
721 421 791 468 Ioan-

62 509 92 540 ne
105 497 206 541 testatur
220 492 354 558 Scriptura:
368 494 435 542 Non
454 498 502 540 est
520 491 617 555 major
637 489 668 538 in
678 495 727 537 ter
744 506 791 537 na-

62 569 110 611 tos
128 562 301 612 mulierum.
321 564 346 612 Si
364 563 417 628 quis
438 566 532 612 sanctus
545 566 589 624 cst,
605 560 758 624 glorificatur,
772 559 792 607 si

62 633 114 696 quis
122 631 210 696 justus,
221 634 358 696 honoratur,
372 633 392 681 si
401 633 454 697 quis
463 634 559 697 probus,
571 631 639 679 fortis
653 634 676 677 et
688 628 790 694 sapiens,

62 703 138 766 gradu
156 703 245 766 gloriae
263 702 349 765 dignus
368 707 410 751 est.
429 702 606 764 Verumtamen,
626 700 646 748 si
666 700 691 748 hi
709 714 790 747 omnes

57 773 217 836 jungerentur
235 776 259 820 ct
276 773 301 819 in
318 789 365 820 nno
382 773 476 821 homine
495 771 566 820 simul
584 771 696 831 inessent,
712 773 791 816 tamen

61 858 115 890 eum
128 858 176 889 non
189 846 324 905 aequarent,
343 859 413 907 quem
425 841 490 890 Deus
506 841 592 889 dilexit
605 840 669 888 etde
682 854 728 903 quo
741 854 789 885 ma-

60 912 172 960 nifestum
184 911 246 974 fecit,
265 928 318 960 eum
331 918 455 977 tantopere
467 911 574 960 homines
591 924 716 974 superasse
729 913 753 956 et
765 908 790 955 in

62 982 146 1030 ordine
159 982 253 1029 stetisse
266 982 412 1044 angelorum.

131 1052 190 1101 Sed
215 1051 267 1115 qui
291 1052 436 1100 minimus
461 1055 509 1118 est
526 1051 556 1098 in
573 1065 670 1113 regno
689 1048 789 1096 caelo-

60 1138 132 1183 rum,
149 1122 245 1186 maj0r
264 1126 312 1169 est
331 1138 370 1170 eo.
388 1122 479 1170 lterum
498 1120 565 1168 stulti
586 1120 681 1183 qnidam
700 1118 788 1180 dicunt,

61 1190 184 1238 minimum
202 1207 318 1255 quemque
336 1191 441 1240 fidelium
459 1192 548 1240 Ioanne
565 1191 680 1253 majorem
698 1203 750 1236 esse
763 1188 789 1235 in

59 1276 133 1323 regno
146 1261 271 1309 caelorum.
282 1261 329 1309 Sed
338 1261 501 1323 absitanobis,
508 1262 537 1308 de
546 1261 642 1321 Ioanne,
649 1258 700 1308 viro
708 1262 789 1306 sancto

62 1329 114 1392 Dei,
127 1330 161 1378 ita
180 1331 252 1394 loqui,
271 1331 326 1393 quia
344 1331 385 1395 qui
396 1331 497 1378 militem
508 1330 573 1393 regis
586 1329 691 1390 offendit,
709 1329 788 1391 ipsum

61 1415 143 1462 regem
154 1416 202 1448 non
213 1401 321 1461 honorat,
340 1405 363 1447 et
381 1400 421 1464 qui
434 1400 579 1449 sacerdotem
592 1399 690 1464 spernit,
707 1397 788 1445 Domi-

59 1485 116 1516 num
129 1471 179 1533 ejus
193 1469 290 1534 spernit.
303 1470 350 1518 Sed
359 1485 402 1534 per
413 1471 472 1518 haec
481 1470 510 1517 de
519 1468 683 1532 magnitudine
692 1467 788 1516 loannis

59 1539 121 1586 diota
133 1539 301 1587 abundantiam
313 1539 489 1588 misericordiae
505 1543 529 1586 et
547 1539 636 1603 gratiae
650 1553 705 1586 suae
718 1537 787 1586 nobis

58 1608 133 1657 voluit
145 1609 331 1656 annunciarent
348 1609 439 1667 docere,
462 1614 551 1673 quanta
562 1610 624 1656 bona
642 1608 723 1655 electis
737 1607 786 1655 suis

59 1678 176 1726 donasset.
194 1678 257 1727 Nam
270 1677 290 1727 si
300 1678 410 1741 Ioannes,
428 1683 551 1742 tantopere
569 1694 669 1742 magnus
688 1681 711 1724 et
725 1677 786 1724 cele-

59 1744 148 1810 bratus,
167 1764 219 1795 cum
236 1747 333 1795 minimo
356 1748 382 1795 in
399 1764 473 1811 regno
491 1747 610 1796 coelorum
628 1750 786 1811 comparatur,

59 1817 148 1865 honore
160 1821 241 1865 manet
252 1817 356 1880 interior,
368 1821 395 1865 ut
408 1835 425 1866 s.
438 1818 569 1881 Apostolus
582 1817 629 1865 ait:
645 1833 654 1855 ιι
666 1818 705 1865 Eu
717 1820 785 1881 parte

59 1887 222 1949 cognoscimus
235 1891 259 1934 et
271 1903 302 1935 eu
313 1891 380 1952 parte
389 1888 559 1952 prophetamus
572 1914 591 1950 a,
604 1891 627 1935 ct
639 1903 710 1935 mon:
725 1886 786 1936 vvi-

59 1957 141 2005 demus
154 1957 222 2021 quasi
233 1957 258 2004 in
271 1957 373 2021 speculo,
384 1961 470 2005 etcum
478 1958 572 2006 venerit
580 1958 717 2022 perfeetum,
729 1960 786 2004 tunc

59 2027 162 2075 cessabit
173 2026 198 2096 id
210 2027 273 2089 quod
284 2043 384 2090 parvum
397 2032 420 2075 et
432 2031 541 2092 exparte
554 2032 591 2075 est
600 2027 616 2076 ⁴.

126 2096 229 2159 Magnus
243 2100 279 2143 est
287 2096 396 2159 loannes,
408 2098 529 2161 praescius
539 2097 601 2145 enim
614 2097 689 2145 dixit:
704 2111 714 2134 t
722 2097 785 2145 Ecce

57 2180 133 2228 agnus
145 2165 191 2213 Dei
200 2192 218 2214 a.
237 2165 285 2213 Sed
296 2165 354 2213 baec
368 2167 513 2229 magnitudo,
532 2171 668 2230 comparata
686 2166 716 2215 ad
734 2167 785 2230 glo-

58 2235 125 2298 riam,
138 2250 198 2299 quac
211 2235 355 2283 revelabitur
368 2235 402 2283 eis
412 2236 452 2299 qui
462 2233 528 2299 digni
539 2237 699 2299 invenientur,
711 2253 786 2302 parva

57 2308 149 2353 tantum
161 2305 295 2369 degustatio
308 2310 350 2353 est.
362 2306 418 2354 Nori
426 2306 488 2369 quod
500 2307 589 2354 Ioanne
603 2322 615 2354 e
627 2307 677 2355 vita
687 2322 783 2370 egresso

56 2375 167 2423 minimus
185 2374 284 2439 quisque
297 2375 322 2423 in
333 2391 408 2439 regno
426 2375 500 2439 major
518 2380 561 2439 est,
571 2376 613 2424 sed
631 2378 693 2441 quod
706 2373 784 2424 omnia

56 2459 143 2507 magna
155 2449 179 2492 et
190 2445 315 2507 mirabilia,
328 2461 387 2509 quae
399 2446 440 2494 hio
452 2450 514 2510 sunt,
532 2447 562 2494 ad
579 2446 646 2495 illam
657 2445 783 2495 beatitudi-

55 2528 110 2561 nem
121 2530 196 2577 parva
208 2520 323 2578 apparent
336 2519 359 2562 ct
371 2516 438 2579 quasi
447 2516 548 2564 nibilum
557 2517 716 2578 inveniuntur,
729 2515 782 2562 ideo

56 2582 129 2631 dixit:
144 2599 154 2621 a
164 2584 210 2641 Qui
222 2583 333 2633 minimus
347 2591 383 2632 est
395 2585 420 2633 in
432 2601 507 2648 regno
522 2587 648 2648 coelorum,
660 2585 734 2648 major
747 2590 783 2633 est

55 2652 96 2700 illo
108 2681 126 2703 a.
139 2652 190 2702 Alii
203 2653 298 2702 dicunt:
317 2655 342 2703 Si
354 2671 423 2702 nemo
435 2656 480 2703 fuit
491 2656 553 2705 intcr
565 2660 632 2703 natos
648 2655 783 2717 mulierum,

55 2722 115 2771 sicut
126 2724 235 2785 loannes,
254 2739 307 2772 ecce
320 2726 391 2773 etiam
408 2725 524 2774 Dominus
536 2731 605 2773 natus
618 2730 660 2786 est,
679 2725 783 2789 quisine

108 2885 126 2920 r.
141 2882 151 2919 1
162 2881 218 2920 coa:
227 2882 259 2929 13,
271 2884 302 2920 ra.
