1780 3151
759 108 789 156 49

56 203 140 264 mater,
153 199 279 248 maledicta
291 202 334 263 est,
353 200 386 251 ita
398 204 497 266 propter
508 199 553 248 hoc
565 214 659 264 corpus,
679 198 741 262 quod
754 202 791 246 est

55 269 108 333 ipsa
117 271 223 333 ecclesia,
234 287 294 334 quae
304 286 352 317 non
361 272 528 336 corrumpitur,
539 275 603 318 terra
616 270 670 335 ejus.
680 270 709 317 ab
722 268 790 316 initio

55 340 180 388 benedicta
193 345 241 402 est,
254 345 319 388 terra
328 340 391 387 enim
402 341 514 389 ecclesiae
523 341 531 370 ‘1
545 356 630 404 corpus
643 343 680 388 est
689 338 790 400 Mariae,

56 409 81 457 m
99 427 146 473 qua
164 410 331 457 seminabatur.
350 409 420 472 Vide⁷
439 411 502 474 quod
519 410 600 473 reipsa
623 409 730 473 angelus,
749 409 791 473 qui

57 479 130 540 venit,
142 483 170 526 ut
182 495 234 526 eam
246 478 379 528 inauribus
398 480 489 528 Mariae
502 480 570 544 qnasi
589 495 669 526 semen
682 479 790 527 demitte-

56 553 100 611 ret,
119 548 183 596 clara
201 564 257 597 uoce
276 549 310 597 ita
328 565 410 597 semen
419 566 533 614 spargere
546 549 636 613 coepit:
651 563 660 586 a
673 548 742 597 Salus
755 553 790 596 te-

56 633 117 680 cum,
128 619 168 677 ait,
179 619 335 667 benedictam
344 619 484 669 mulieribus
491 648 509 670 a.
517 621 549 668 Et
557 619 683 668 Elisabeth
690 620 791 667 verbnm

55 688 174 751 posterius
187 689 340 737 confirmans:
355 705 364 727 5
376 689 515 751 Benedicta,
528 690 612 754 inquit,
625 704 650 736 es
663 692 690 736 tn
701 688 727 736 in
739 705 790 737 mu-

55 756 606 825 lieribusautostenderetur,propterprimam
614 762 789 823 matrem7quae

55 827 182 876 maledicta
195 832 238 890 est7
257 829 384 877 secundam
396 835 497 879 matrem
516 828 637 895 expressis
655 829 735 878 uerbis
747 845 789 895 ap-

58 896 173 961 pellatam
186 913 238 945 esse
250 898 405 947 benedictam.
554 941 557 947 .

126 966 195 1026 Quod
214 968 290 1016 dixit:
317 967 479 1018 Discessit
497 971 532 1019 ab
551 985 584 1017 eo
602 968 638 1017 ad
656 967 788 1032 aliquod

55 1040 186 1101 tempus,
200 1037 274 1085 donec
287 1038 377 1086 scilicet
394 1055 418 1087 se
431 1043 594 1104 praepararet,
606 1043 633 1087 ut
644 1055 688 1103 per
700 1038 789 1086 calum-

55 1106 120 1154 niam
133 1111 156 1154 et
168 1107 282 1156 invidiam
295 1107 430 1157 Scribarum
443 1110 567 1158 victoriam
579 1109 676 1157 Domini
688 1108 788 1173 impedi-

55 1180 99 1224 ret.
118 1176 166 1225 sed
184 1178 244 1225 sicut
270 1177 345 1238 initio,
363 1178 397 1226 ita
415 1183 439 1226 et
457 1179 564 1228 devictus
578 1178 652 1227 estin
664 1178 718 1238 fine,
732 1177 788 1241 quia

53 1244 170 1295 Dominus
183 1252 258 1295 morte
272 1263 314 1294 sua
323 1248 450 1311 gloriosius
463 1250 492 1297 de
504 1264 531 1296 eo
541 1248 720 1313 thriumphavit.
734 1248 788 1296 Re-

54 1319 104 1363 tro
122 1317 199 1365 vade
221 1318 343 1379 Satana,
362 1322 386 1365 et
405 1319 559 1382 exprobrarit
576 1319 605 1380 ci,
631 1319 686 1383 quia
703 1318 787 1365 immo-

54 1384 105 1431 dice
123 1387 237 1435 mentitus
256 1391 292 1434 est
310 1387 403 1435 dicens:
433 1402 442 1424 s
454 1388 536 1436 lllenm
549 1392 585 1437 cst
597 1404 719 1451 regnumu
739 1403 787 1436 non

53 1455 144 1503 veritus
156 1457 181 1503 id
194 1456 256 1521 quod
275 1456 397 1521 Scriptura
407 1456 478 1506 dicit:
499 1473 508 1496 c
517 1458 583 1506 Deus
602 1459 736 1506 dominatur
748 1473 788 1506 su-

52 1540 96 1588 per
115 1526 194 1574 onmia
210 1543 286 1589 regna
302 1526 432 1589 hominum,
452 1532 476 1575 et
493 1528 530 1576 cui
548 1528 606 1592 vult,
628 1528 710 1577 dat‘bi.
734 1528 788 1576 Hoc

52 1594 132 1657 itaque
152 1596 213 1644 dicto
226 1595 324 1644 audacia
342 1601 366 1643 ct
385 1598 497 1660 superbia
510 1599 611 1647 Satanae
630 1598 728 1662 repulsa
741 1601 785 1661 est,

52 1679 96 1711 ncc
107 1666 209 1729 amplius
221 1668 294 1715 verbo
308 1666 358 1730 ejus
371 1667 483 1715 resistere
496 1668 579 1732 potuit.
591 1668 659 1726 Quod
669 1667 786 1716 Dominus

52 1733 115 1796 fecit,
128 1738 155 1781 ut
166 1740 317 1797 monstraret,
337 1736 394 1799 quid
411 1736 542 1801 increpatio
554 1737 662 1786 veritatis
676 1753 732 1785 suae
745 1754 786 1786 ra-

51 1802 119 1866 leret,
137 1809 210 1868 utque
228 1805 311 1853 fideles
331 1821 386 1854 suos
404 1806 541 1867 instrueret,
560 1822 600 1855 eos
618 1807 670 1871 ipso
683 1806 786 1855 donante

51 1875 130 1922 omnia
141 1876 202 1923 bona
215 1880 278 1923 certe
292 1891 345 1923 esse
359 1880 503 1939 accepturos.
516 1878 684 1926 Venerunt
696 1893 785 1940 ange-

51 1941 74 1991 li
93 1948 123 1992 et
139 1945 370 1994 ministrabant
388 1948 422 2005 ei,
436 1951 462 1993 ut
474 1946 542 1996 nobis
554 1946 665 2010 exemplo
675 1947 784 1994 ostende-

50 2018 94 2075 ret,
104 2019 158 2078 post
169 2015 514 2079 baptismumintentationem
527 2021 551 2064 et
562 2021 617 2080 post
628 2016 785 2065 tentationem

50 2082 75 2129 in
87 2099 189 2147 regnum
201 2100 293 2148 quoque
306 2085 425 2133 coelorum
441 2102 484 2134 nos
497 2102 548 2134 5555
560 2087 697 2134 intraturos,

120 2153 182 2211 Quia
191 2154 302 2218 discipuli
310 2154 407 2203 Ioannis
419 2158 463 2205 hoc
472 2156 581 2219 magistri
594 2156 631 2204 sni
640 2156 784 2219 colloquium

49 2237 103 2270 cum
121 2222 223 2272 Domino
245 2223 377 2287 audierant7
402 2226 551 2289 reliquerunt
575 2241 630 2273 curn
648 2230 672 2273 et
690 2226 785 2288 sequuti

49 2296 105 2340 sunt
116 2293 245 2341 Dominum
258 2295 318 2358 (lor.
334 2296 356 2351 1,
371 2295 461 2357 35-41).
475 2295 592 2353 Quoniam
606 2310 615 2334 <t
624 2297 700 2345 Vox„
714 2294 784 2342 disci-

49 2362 119 2425 pulos
129 2364 192 2428 apud
202 2380 227 2411 se
234 2368 315 2412 tenere
325 2379 372 2411 non
381 2365 466 2429 potuit,
476 2364 529 2413 ideo
540 2381 580 2413 eos
590 2365 655 2413 misit
665 2365 695 2413 ad
706 2364 784 2413 “Ver-

48 2432 133 2483 buma.
152 2432 302 2482 Conveniens
321 2434 411 2482 scilicet
429 2440 487 2498 erat,
505 2439 635 2501 apparente
653 2435 706 2483 luce
725 2434 783 2483 solis

48 2499 159 2551 lucernae
169 2504 250 2551 lumen
259 2503 346 2553 subire.
356 2504 452 2553 Etenim
463 2506 524 2554 hanc
534 2507 563 2555 cb
573 2521 668 2554 causam
679 2504 783 2553 Ioannes

49 2569 74 2616 in
86 2572 148 2620 vivis
160 2574 299 2637 permansit,
309 2577 335 2621 ut
343 2575 488 2639 baptismum
501 2591 570 2624 suum
581 2574 698 2640 baptismo
712 2572 782 2623 Olrri·

104 2711 122 2749 1.
136 2710 169 2749 Ad
179 2714 265 2752 verbum
283 2713 372 2764 “templi
380 2735 397 2764 a,
413 2715 468 2766 quod
484 2716 504 2754 h.
516 2716 530 2754 l.
541 2714 650 2755 ecclesiam
664 2713 781 2762 significare

50 2776 77 2803 ex
88 2766 187 2803 contextu
197 2766 268 2817 liquet.
278 2768 303 2805 In
313 2767 358 2806 cod.
368 2768 395 2806 B:
406 2769 470 2809 Terra
478 2769 531 2809 enim
540 2770 592 2809 haec
601 2766 699 2819 ternplum
709 2778 781 2819 corpo·

50 2817 78 2855 ris
88 2816 165 2857 Mariae
176 2820 215 2856 est.

102 2872 120 2910 2.
135 2871 272 2912 Probabiliter
283 2885 310 2912 ex
320 2873 348 2912 Is.
359 2875 392 2924 37,
404 2876 434 2914 16.

659 2930 673 2976 l
