1780 3151
77 145 125 195 236

150 229 267 278 Dominus
285 227 348 282 dixit
365 227 418 284 eis:
438 228 533 287 Quam
555 229 740 294 quaeritis?
759 231 816 295 quia

79 313 165 363 nempe
184 297 321 362 eredebant,
340 298 409 346 illum
428 314 459 346 ex
479 299 589 348 manibus
609 316 692 349 eornm
713 297 738 349 se
756 299 816 349 libe-

78 381 134 417 rare
158 384 206 415 non
226 383 304 432 posse.
331 367 450 416 Diount
474 368 524 418 ei:
548 370 653 418 Iesum
680 370 815 419 Nauaro-

78 436 261 486 num.Dixit
279 437 326 486 eis
344 437 460 486 Iesus:
490 438 555 502 Ego
581 455 651 487 sum.
670 439 746 488 Dum
769 439 815 487 ad·

77 509 136 557 huo
154 506 253 555 Judas
272 523 337 555 oum
357 507 402 556 eis
421 509 535 572 stabat,
553 513 641 557 retro
663 509 815 557 abierunt

77 582 109 625 et
126 577 287 642 prostrati
312 578 441 625 suntin
464 582 588 626 terram.
617 577 735 627 Curvatil
759 582 815 626 sunt

77 662 158 695 soram
176 661 204 693 eo
222 646 321 709 invitus,
334 650 361 693 ut
373 646 499 708 disoerent,
513 662 567 696 eum
585 646 720 696 voluntarie
741 647 817 695 mani-

78 718 123 765 bus
137 731 220 763 eorum
230 732 255 764 se
268 716 371 765 tradere.
381 716 416 763 At
424 715 461 763 illi
473 720 624 779 potestatem,
633 733 694 780 quae
708 733 751 765 eos
761 732 817 780 pro-

78 778 207 848 straverat,
219 801 268 833 non
280 784 380 834 reveriti
391 785 498 849 impuras
511 802 596 834 manus
612 786 780 849 extenderunt,
788 790 818 834 ‘et

79 872 149 904 suurn
177 855 354 920 purificatorem
382 855 600 919 apprehenderunt.
617 856 708 904 ,Simon
734 871 817 904 aurem

78 925 150 975 unius
163 940 193 972 ex
206 925 241 972 eis
254 924 362 985 abscidit,
375 940 459 972 vorum
471 924 589 988 benignus
603 923 720 973 Dominus
736 925 762 973 in
774 941 818 973 sua

79 993 186 1042 bonitate
200 1009 252 1041 eam
266 992 369 1057 sumpsit
387 994 448 1040 etin
460 992 512 1041 looo
524 1009 566 1042 suo
585 994 680 1042 exoelso
694 995 771 1043 denuo
784 993 818 1042 af-

67 1062 140 1123 111111,
152 1063 179 1111 in
192 1061 375 1110 similitudinem
386 1062 515 1125 1111111111,
528 1063 570 1127 qui
581 1078 624 1127 per
637 1079 681 1111 sua
693 1064 780 1111 delieta
791 1064 818 1111 in

77 1132 221 1197 profundam
234 1134 346 1195 abyssum
360 1131 484 1180 oeoiderat.
498 1132 659 1181 Converte
676 1133 817 1196 gladium

78 1206 165 1249 tuum
192 1202 294 1249 denuo
319 1200 478 1249 1111111111
506 1200 817 1266 111111.Ο1]’11”1111111

79 1271 175 1334 gladius
188 1275 232 1333 est,
245 1270 326 1334 gladio
338 1285 387 1317 uon
399 1269 500 1333 indiget,
514 1271 592 1335 etqui
606 1270 631 1317 in
650 1287 719 1319 suum
737 1270 817 1319 losum

78 1337 162 1388 aurem
174 1339 304 1388 abseissam
316 1340 463 1401 restituerat,
476 1341 584 1388 membra
596 1340 722 1403 oony'unota
732 1340 817 1388 dissol-

77 1425 135 1458 vere
147 1409 232 1473 potuit.
245 1410 338 1457 Verum
350 1408 419 1455 111111
431 1424 478 1456 uno
496 1413 589 1457 tantum
602 1425 633 1456 111
649 1409 683 1458 eis
701 1409 816 1461 virtutem

79 1478 266 1542 omnipotentiae
288 1494 345 1526 suae
367 1478 511 1541 ostenderet,
532 1478 634 1526 eandem
655 1483 679 1526 11
690 1479 716 1525 in
731 1479 817 1527 eeteris

75 1548 196 1610 exhibuit,
215 1563 288 1611 quum
306 1547 485 1595 retrooederent
503 1548 569 1606 etin
588 1552 677 1596 terram
696 1547 816 1596 oederent.

76 1617 110 1665 Et
123 1632 152 1665 ne
165 1634 227 1665 unus
240 1621 341 1677 tantum,
355 1616 422 1679 eujus
435 1632 517 1665 aurem
531 1621 664 1679 sanaverat,
675 1619 718 1666 sub
737 1617 816 1680 gratia

78 1686 270 1748 oonoluderetur,
289 1700 379 1748 omnes,
392 1685 433 1749 qui
452 1701 506 1733 eum
523 1688 719 1748 tonuerunt,sub
739 1686 817 1749 gratia

78 1755 201 1818 oonolusit,
223 1759 250 1803 nt
271 1757 366 1817 seirent,
388 1755 418 1802 ad
440 1770 510 1818 quem
532 1755 663 1803 tenendum
685 1755 817 1804 venissent.

77 1825 142 1873 Nam
161 1825 238 1873 solum
256 1840 300 1888 per
318 1824 384 1872 illins
403 1824 513 1887 gratiam,
529 1824 570 1888 qui
588 1840 619 1872 ex
638 1825 720 1886 gratia¹
734 1838 816 1873 aurem

73 1898 186 1942 sanatam
197 1894 249 1941 looo
263 1910 304 1942 sno
318 1894 463 1955 reddiderat,
475 1893 512 1940 illi
525 1908 550 1941 se
567 1893 659 1956 erigere
678 1896 815 1957 potueruut,

78 1963 120 2026 qui
129 1963 196 2011 humi
208 1964 324 2026 prostrati
336 1966 412 2010 erant.
426 1963 474 2010 Sed
487 1978 560 2025 quum
572 1963 671 2026 paulum
683 1962 774 2026 aliquid
786 1963 815 2010 do

79 2047 123 2080 sua
134 2036 254 2096 potestate
268 2032 412 2094 ostenderet,
426 2032 503 2079 denuo
515 2032 630 2095 prostrati
641 2032 753 2095 jacebant
766 2048 815 2079 om-

77 2117 128 2165 nes,
142 2102 183 2165 qui
201 2117 256 2150 eum
273 2101 449 2165 apprehensuri
461 2105 583 2150 venerant.
603 2101 717 2150 Gladium
736 2105 816 2148 autem

78 2171 163 2219 Simon
184 2187 228 2235 per
246 2171 389 2235 mysterium
413 2171 543 2233 eduxerat,
562 2175 589 2218 ut
610 2172 711 2219 verbum
734 2169 816 2233 Moysi

77 2241 272 2289 oonfirmarotur:
287 2255 297 2278 1
310 2239 393 2289 Omnis
407 2241 494 2303 anima,
507 2255 568 2304 quae
580 2255 628 2305 non
640 2240 743 2288 audierit
761 2241 815 2303 pro-

76 2310 176 2375 phetam
193 2310 274 2372 istum,
292 2314 369 2358 morte
387 2310 503 2358 morietur
515 2336 525 2359 o
536 2308 553 2356 5.
568 2309 646 2376 Quum
659 2325 716 2359 vero
733 2309 815 2356 Domi-

76 2396 123 2428 nus
136 2380 190 2427 finis
209 2383 274 2427 esset
286 2378 396 2442 just'tiae
406 2383 433 2426 et
445 2378 541 2426 initium
560 2378 747 2439 miseridordiae,
764 2376 815 2440 gla-

77 2448 144 2497 dium
162 2450 213 2513 ey'us
232 2449 258 2495 in
275 2448 363 2511 vagina
380 2448 493 2511 reolusit,
513 2452 537 2496 et
550 2448 670 2511 justitiam
687 2447 713 2495 in
736 2446 814 2495 looum

76 2534 146 2567 suum
161 2518 259 2566 reduxit
272 2517 333 2566 11111
345 2518 509 2567 misericordia
522 2517 552 2565 ad
565 2512 713 2565 sanationem
730 2516 818 2565 vulne-¹

76 2588 110 2636 ris
119 2604 163 2653 per
175 2586 283 2652 gladium
295 2586 381 2635 inflicti
392 2587 499 2636 aooessit.
507 2587 605 2639 ,Aurem
617 2586 643 2634 in
654 2586 733 2635 losum
746 2601 814 2634 suum

68 2760 70 2763 ι
135 2776 153 2813 1.
172 2776 205 2817 Sia
214 2776 234 2813 in
244 2773 291 2815 ood.
298 2775 321 2813 B.
331 2775 356 2813 In
366 2774 412 2814 ood.
422 2775 454 2813 A:
466 2784 474 2806 1
484 2773 592 2814 obcaecati
603 2773 651 2813 sunt
659 2794 677 2816 s.

134 2829 152 2865 2.
167 2830 200 2869 Sio
209 2829 229 2867 in
238 2828 331 2877 inargino
341 2828 419 2869 eodiois
428 2828 447 2867 A
456 2827 489 2868 hio
498 2827 556 2867 loeus
566 2827 688 2879 explicatur.

132 2881 149 2919 3·
165 2884 228 2922 Dour.
240 2883 348 2933 18,18-1o.
