1780 3151
100 105 147 152 mr

98 190 138 253 tis,
150 190 187 238 illi
198 193 277 237 autem
291 195 397 238 currunt.
411 192 508 239 Venit
526 191 561 238 ad
580 206 634 238 ros
652 191 684 238 lo
693 205 789 238 annes
803 189 834 236 in

98 261 150 308 ria
166 259 330 322 justitiae,
349 261 364 307 i.
378 276 397 308 e.
411 261 526 310 honorem
545 259 641 307 Domini
663 259 700 307 sui
722 259 767 307 sibi
782 258 834 321 ipse

97 344 145 375 uon
167 328 277 391 arripuit,
290 329 340 391 sed,
354 346 407 377 cum
425 334 545 394 putarent,
559 345 613 377 cum
628 344 681 376 esse
704 328 843 390 Christum,¹

98 397 223 461 respondit
233 398 275 461 eis,
292 415 318 447 se
330 415 379 447 non
391 400 491 462 dignum
505 415 565 460 esse,
581 403 608 446 ut
622 402 701 464 portet
720 397 835 459 corrigias

98 466 315 516 calceamentorum
328 470 379 533 ejus
389 470 404 517 ¹.

169 537 228 584 Alia
240 538 438 601 parabolatVir
451 538 575 601 quidam
593 534 835 601 paterfamilias

97 605 751 670 1116616611611116166661(1111611.,21,33-45),
772 605 835 668 quod

99 673 164 722 idem
179 681 217 723 est
235 681 306 739 atque
319 676 392 724 illud:
407 692 417 714 u
428 673 533 725 Vineam
552 691 583 723 cx
601 676 714 739 Aegypto
729 678 835 723 transtu-

100 742 158 806 listi,
172 745 300 808 extirpasti
313 750 397 808 gentes
410 749 433 792 et
445 744 561 810 plantasti
573 760 625 793 eam
634 770 643 794 a
655 743 681 812 ἲ

169 814 202 861 Et
220 830 276 879 sepe
295 815 397 863 muniuit
414 831 474 876 eam,
494 830 581 876 nempe
600 815 668 877 lege,
688 817 712 860 et
729 812 835 861 torcular

85 884 253 947 praeparavit
271 884 296 930 in
309 900 344 946 ea,
362 884 445 945 altare,
459 889 483 931 et
501 883 634 932 aedificarit
652 883 678 930 in
696 898 724 930 ca
741 881 835 944 turrim,

85 952 224 1015 templum,
238 954 331 1000 etcEt
348 953 436 1001 misit
455 967 566 1001 servos
585 968 665 1014 suos,
678 955 710 999 ut
729 952 756 999 ci
774 952 835 999 fru-

100 1024 181 1068 ctum
199 1021 367 1069 aiferrent.
386 1023 501 1070 Attamen
521 1036 566 1069 nec
586 1021 668 1085 primi,
690 1037 735 1069 nec
755 1020 835 1084 medii,

99 1105 144 1136 neo
156 1091 272 1153 postremi
289 1092 394 1138 fructum
406 1108 420 1138 a
433 1091 523 1138 colonis
536 1095 686 1153 acceperunt.
704 1090 764 1138 Post
778 1091 837 1138 hacc

99 1159 166 1206 misit
183 1159 260 1207 filium
273 1176 350 1222 suum,
362 1175 410 1207 non
422 1176 449 1208 ac
463 1159 483 1208 si
495 1159 534 1207 hio
552 1159 697 1207 novissimus
710 1164 780 1221 esset,
794 1159 837 1206 sed

99 1233 184 1291 postea
204 1229 323 1293 apparuit,
336 1228 377 1292 qui
389 1233 461 1277 antea
478 1230 529 1292 jam
541 1228 592 1289 fuit,
605 1233 632 1276 ut
645 1232 669 1275 et
680 1229 783 1276 loannes
801 1231 836 1276 te-

100 1301 191 1345 statur:
207 1313 217 1336 u
229 1299 274 1345 Vir
287 1298 368 1345 reniet
386 1306 440 1362 post
452 1315 498 1360 me,
512 1298 553 1361 qui
571 1298 636 1361 prior
649 1298 730 1361 ntique
750 1302 805 1346 estu
817 1296 834 1344 5.

100 1366 157 1414 Non
175 1367 303 1429 ignorarit,
316 1382 491 1431 praecessores
504 1383 563 1429 quos
581 1367 654 1428 misit,
667 1367 758 1414 fructus
777 1367 837 1414 acci-

99 1435 187 1498 piendo
200 1438 304 1500 impares
317 1436 399 1498 luisse,
412 1437 454 1484 sed
466 1437 511 1484 lioc
522 1436 586 1498 iecit,
598 1441 625 1484 ut
637 1435 748 1499 querelas
764 1436 837 1484 obsti-

99 1508 210 1552 natorum
222 1506 345 1553 hominum
364 1522 376 1553 6
394 1506 473 1552 medio
486 1505 583 1561 tolleret
595 1505 740 1553 dicentium:
759 1505 837 1553 rNon

99 1574 177 1636 potuit
194 1590 238 1638 per
250 1575 329 1637 legem
350 1575 454 1637 dirigere
467 1580 491 1622 ct
509 1589 652 1638 prae-parare
671 1574 756 1633 omnia,
776 1589 837 1637 quae

99 1642 176 1690 voluit
188 1669 206 1692 u.
220 1643 288 1691 Misit
301 1659 359 1705 ergo
371 1644 461 1690 Filium
471 1642 489 1706 l,
501 1648 528 1690 ut
541 1643 575 1690 eis
591 1643 714 1691 silentium
729 1643 836 1707 impone-

100 1714 144 1758 ret.
166 1712 214 1759 Sed
236 1728 308 1776 qurrrn
329 1713 455 1774 vidissent,
477 1713 553 1760 filium
574 1713 684 1774 venisse,
706 1712 836 1760 dixerunt:

100 1780 158 1827 Hic
176 1781 290 1829 haeres
310 1786 358 1829 est
375 1782 469 1844 hujus
486 1782 606 1842 vineae,
619 1782 737 1842 uenite,
758 1780 835 1827 occi-

100 1848 208 1897 damus
236 1865 301 1898 cum
321 1856 351 1898 et
369 1855 443 1898 tuno
470 1856 583 1898 nostra
602 1850 667 1898 erit
692 1849 837 1897 116616611-ι

100 1921 149 1964 tas
168 1918 288 1966 niueae.
308 1919 397 1967 Filium
410 1920 506 1982 quidem
519 1918 662 1981 occiderunt,
675 1918 718 1966 sed
729 1919 837 1967 haeredi-

101 1992 138 2032 tas
151 1987 269 2035 translata
281 1992 305 2035 et
315 1988 370 2035 data
382 1993 419 2035 cst
431 1988 550 2051 gentibus,
565 1988 626 2035 sicut
639 1992 662 2034 et
676 1987 753 2035 dixit:
768 2002 778 2025 u
790 1986 838 2046 Qui
858 2012 861 2017 1

101 2055 182 2118 habet,
195 2056 290 2105 dabitur
304 2057 326 2104 ei
339 2061 363 2104 et
375 2057 513 2118 abundabit,
527 2062 550 2104 et
562 2057 662 2121 quinon
674 2057 754 2119 habet,
768 2060 792 2104 et
803 2056 836 2118 id,

102 2124 166 2188 quod
181 2126 268 2188 rapuit,
282 2126 391 2174 auferent
403 2128 432 2174 ab
445 2142 473 2173 eo
485 2153 494 2176 ‚a
510 2125 526 2172 ⁵.

172 2195 239 2242 Facit
252 2211 291 2243 eos
300 2195 395 2259 judices
407 2196 433 2243 in
444 2195 543 2260 propria
555 2211 627 2243 causa
639 2195 735 2244 dicens:
757 2195 838 2253 Quid

103 2268 266 2311 merentur
284 2264 342 2312 isti
360 2265 551 2328 colonillpsi
564 2265 593 2312 de
607 2281 632 2312 se
648 2264 837 2313 sententiamse-

101 2335 182 2380 rcntes
196 2339 368 2396 reposuerunt:
378 2333 479 2382 Malos
498 2351 553 2398 per
565 2333 646 2381 mala
660 2334 782 2397 perdet,
792 2337 836 2380 etc.

101 2400 191 2449 Postea
206 2417 304 2450 sensum
323 2402 428 2467 explicat
440 2407 464 2451 et
481 2403 553 2450 dicit:
575 2403 743 2467 Nunquam
760 2402 837 2465 legi-

157 2578 173 2614 1.
190 2577 220 2616 Of.
230 2579 297 2617 illurn.
309 2583 327 2628 3,
339 2583 369 2619 11.

152 2630 171 2666 2.
186 2631 220 2669 Ps.
232 2634 264 2680 19,
275 2634 293 2670 9.

154 2684 173 2719 3.
187 2684 244 2722 Ionn.
255 2688 273 2732 1,
286 2686 317 2723 15.
327 2685 352 2723 In
364 2688 407 2725 cod.
418 2688 441 2737 B,
451 2700 488 2737 pro
502 2699 510 2720 n
521 2688 558 2728 Vir
565 2709 573 2730 a
585 2688 661 2739 legitur
673 2699 681 2720 t
690 2687 717 2727 Et
725 2688 776 2726 alius
785 2706 802 2728 o.

101 2736 250 2826 ,ffieffl-Recte
275 2737 314 2776 hoe
338 2740 462 2778 vocabulum
491 2742 575 2781 Aneher
606 2742 749 2793 explicationis
774 2750 837 2778 causo

100 2797 113 2825 H
155 2845 174 2881 5.
188 2841 254 2881 lllnrn.
266 2844 297 2894 13,
309 2846 331 2882 12
342 2859 347 2895 3
357 2844 388 2894 25,
399 2846 430 2883 29.
