1780 3151
750 116 796 163 253

65 210 219 269 notabantur,
232 208 388 274 apparuisset,
397 207 476 274 ipsum
488 206 595 254 lecerunt
606 205 631 253 in
644 204 739 269 signum
748 219 797 251 om-

65 278 132 326 nium
152 279 341 344 opprobriorum,
353 283 380 326 ut
398 278 549 327 calcitrantes
571 280 595 323 et
615 275 796 324 reoaloitrantes

64 363 118 395 eum
140 349 291 413 repellerent.
314 349 392 407 Quum
412 347 496 409 Israel,
515 345 556 410 qui
576 345 747 394 blandimentis
770 361 796 393 a·

64 419 143 465 buude
165 418 304 468 allioebatur
326 423 349 466 et
371 418 557 477 denruloebatur,
577 416 647 480 plene
671 416 797 464 institutus

63 493 140 550 esset,
164 490 337 556 tinorassatus
362 493 385 536 et
416 486 528 535 dilatatus
548 491 596 549 est,
618 486 797 533 et‘reoaloitra-

63 557 117 604 vit¹
131 585 155 609 a.
175 561 198 609 A
217 559 322 624 pueritia
342 574 384 607 sua
404 557 548 621 imaginibus
569 556 646 604 oruois
672 552 794 603 laetificati

64 633 134 690 suut,
159 628 183 677 in
207 630 253 678 fine
275 634 354 677 autem
380 629 406 676 in
424 628 539 677 seruitute
560 626 622 675 inter
644 630 729 690 gentes
753 641 795 673 eos

63 697 166 747 inolusit.
183 715 193 738 n
212 699 258 758 Qui
277 699 392 746 delioatus
411 703 453 761 est,
475 699 516 760 ait,
537 697 562 745 in
584 697 722 746 seruitutem
745 700 796 744 tra·

62 768 132 817 debut
145 769 183 818 722.

118 839 196 895 =Vera
215 838 291 887 forma
311 843 422 903 typorum
434 837 464 884 ad
479 853 519 885 eos
538 836 649 900 pervenit
667 839 690 883 et
709 838 738 884 ab
757 837 791 884 eis

60 912 203 956 oommutata
214 913 257 971 est,
270 907 377 972 quamuis
390 924 420 956 ex
432 907 504 971 longo
516 912 623 971 tempore
643 922 686 971 per
704 906 795 955 multas

60 977 228 1026 similitudines
247 978 297 1042 ejus
310 978 435 1027 exercitati
453 983 541 1041 essent,
554 981 580 1024 ut
593 993 647 1024 enm
664 992 791 1039 eognosce-

47 1110 48 1113 ,
61 1052 122 1094 rent.
140 1047 165 1095 N
166 1064 196 1095 on
209 1054 371 1112 cognoverunt
388 1044 453 1096 illud
461 1063 555 1110 eorpus,
568 1048 635 1111 eujus
648 1047 733 1094 umbra
750 1062 792 1095 eos

61 1117 155 1180 operuit
171 1118 196 1166 in
215 1118 316 1166 deserto.
334 1117 381 1166 Per
393 1118 493 1182 lignum,
506 1117 636 1179 imaginem
655 1116 714 1179 ejus,
730 1132 792 1179 aqua

60 1203 143 1234 eorum
156 1185 231 1235 duleis
244 1189 306 1236 faeta
318 1193 361 1251 est,
374 1192 398 1235 et
409 1204 452 1253 per
466 1192 609 1251 serpentem,
623 1185 719 1249 signum
731 1186 790 1250 ejus,

60 1256 164 1321 aplagis
183 1262 321 1322 serpentum
339 1258 434 1306 liberati
452 1262 514 1320 sunt,
527 1258 607 1321 ibique
626 1257 752 1305 sabbatum
767 1261 792 1304 et

59 1326 206 1375 oiroumoisio
220 1328 382 1390 damnabatur,
395 1328 451 1392 quia
468 1331 579 1376 neutrum
592 1343 632 1375 eos
650 1326 728 1390 potuit
743 1327 791 1374 sal-

58 1412 122 1445 vare.
141 1396 175 1443 Hi
194 1403 256 1460 sunt,
274 1398 315 1461 qui
335 1400 506 1446 aversabantur
526 1398 592 1445 illam
613 1397 705 1459 faeiem,
723 1396 792 1459 eujus

57 1465 134 1514 fornia
147 1467 256 1515 oontinuo
269 1483 347 1515 eoram
361 1468 394 1515 eis
408 1467 588 1531 depingebatur.
607 1466 709 1530 Propter
726 1466 789 1514 eolo-

58 1551 97 1583 res
110 1552 181 1585 verae
193 1536 299 1601 picturae
313 1538 370 1602 ejus,
380 1537 465 1601 quibus
478 1541 591 1601 tanquam
603 1535 727 1584 indelebili
736 1537 791 1600 pul-

58 1605 193 1653 ehritudine
213 1607 360 1670 splendebat,
380 1607 414 1655 eis
433 1606 524 1654 alienus
542 1607 675 1656 videbatur.
701 1607 792 1655 Omnes

57 1676 188 1740 prophetae
207 1676 388 1724 similitudinem
410 1681 501 1724 tantum
521 1677 627 1724 oolorum
646 1677 696 1740 ejus
709 1681 789 1724 osten-

57 1746 149 1808 derant,
158 1745 214 1809 quia
225 1746 302 1809 imago
315 1747 393 1796 baouli
405 1763 453 1794 non
467 1749 518 1794 erat
529 1747 641 1811 perlaeta,
654 1750 681 1794 ut
694 1747 790 1809 signum

58 1815 141 1877 oruois,
155 1820 178 1862 et
197 1816 347 1880 pulolrritudo
360 1817 436 1880 ligni,
448 1816 511 1879 quod
529 1832 602 1881 aquas
622 1816 703 1863 dulces
725 1818 788 1881 feeit,

57 1900 105 1932 non
119 1889 169 1933 erat
180 1887 293 1950 pertenta,
306 1891 333 1933 ut
345 1886 496 1951 pulohritudo
509 1885 570 1949 ligni
585 1885 658 1948 illius,
671 1901 718 1949 quo
731 1903 789 1950 gen-

57 1958 93 2001 tes
107 1955 188 2003 duloes
201 1960 224 2003 et
235 1960 373 2004 mansuetae
385 1957 460 2004 saetae
473 1960 535 2004 sunt
547 1956 693 2019 Quoounque
707 1955 789 2006 simili-

58 2024 115 2071 tudo
137 2024 373 2088 hominis⁵transiit
387 2042 494 2090 peream
514 2031 605 2074 emotae
624 2029 648 2072 et
665 2029 790 2076 conturba-

58 2097 97 2141 tae
110 2098 165 2142 sunt
177 2110 257 2142 omnes
270 2099 401 2157 creaturae,
413 2112 478 2143 mare
496 2111 540 2159 per
552 2095 645 2159 uirgam
663 2096 721 2160 ejus,
737 2097 790 2161 pla-

60 2179 104 2225 gae
126 2168 263 2228 serpentum
283 2181 325 2230 per
346 2164 462 2214 uexillum
484 2166 542 2229 ejus,
561 2165 694 2213 amaritudo
714 2184 789 2231 aquae

60 2249 103 2297 per
121 2238 204 2297 typum
227 2235 283 2298 ejus.
296 2235 438 2299 Ubieunque
459 2240 538 2283 autem
550 2235 648 2283 Veritas
670 2238 789 2301 apparuit,

60 2302 138 2351 subito
157 2304 297 2368 reprehensi
318 2309 386 2368 sunt,
408 2305 448 2369 qui
473 2305 581 2354 sordibus
603 2306 689 2354 obtenti
713 2314 789 2356 erant.

59 2373 106 2420 Hie
119 2377 156 2421 est
166 2374 225 2436 fons,
238 2374 278 2437 qui
290 2374 461 2423 beatitudinem
474 2374 525 2422 sine
544 2375 634 2424 inuidia
651 2375 742 2440 profert
753 2378 789 2425 bi·

59 2442 177 2507 bentibus,
188 2443 228 2507 qui
240 2444 341 2492 inrioem
353 2460 401 2492 non
416 2445 573 2493 aemulantur.
588 2446 715 2494 Emanarit
727 2462 789 2509 aqua

58 2515 83 2558 et
95 2511 120 2560 in
132 2529 213 2562 omnes
226 2518 306 2579 partes
320 2514 410 2563 directa
423 2518 465 2577 est,
475 2530 505 2563 ne
517 2531 579 2563 unus
592 2515 622 2563 ad
634 2520 716 2579 potum
729 2516 788 2565 alte-

60 2580 110 2629 rius
125 2582 220 2632 invidus
233 2585 370 2649 respiceret.

113 2723 131 2759 1.
145 2720 207 2760 Duur.
218 2725 249 2771 32,
261 2724 292 2762 75.

112 2776 131 2812 2.
145 2775 207 2814 Pnov.
217 2777 248 2825 29,
258 2778 290 2815 21.

114 2829 133 2865 3.
147 2828 163 2866 Ι.
174 2841 192 2867 e.
203 2828 279 2868 Christi
288 2831 396 2881 incarnati,
407 2829 440 2882 qui
450 2829 502 2880 typis
513 2830 715 2881 repraesentabatur.
