1780 3151
777 117 820 165 ru

87 204 261 255 deditdivitias
274 204 299 253 in
311 210 383 271 terra,
394 212 417 255 et
430 206 491 255 atter
505 220 598 271 quoque
611 204 768 270 praeparavit
781 203 822 251 do-

86 292 152 325 mum
164 273 331 325 thesaurorum
343 278 369 323 in
381 277 460 325 ooelis.
473 276 526 324 Lex
539 276 612 339 igitur
623 276 689 325 dedit
701 278 764 326 bona
773 278 821 322 ter-

86 362 127 396 rae
141 350 165 393 et
177 346 294 394 Dominus
311 348 374 394 bona
386 347 411 394 in
423 346 526 394 exoeisis
545 348 559 393 i.
571 362 590 393 e.
603 347 769 412 unusquisqne
789 360 820 392 ex

86 416 136 465 suis
150 416 225 463 donis
238 416 314 464 Porro
327 416 390 464 bona
401 415 527 464 terrestria
547 415 670 479 possidere
688 419 790 481 possunt
801 416 820 463 ii

86 487 127 551 qui
145 486 260 534 haeredes
277 502 359 534 eorum
377 485 494 547 oooidunt,
513 489 609 532 eoontra
627 487 689 534 bona
716 502 821 550 superna

84 557 210 622 possident
231 556 248 604 ii
266 557 307 621 qui
325 556 471 605 oooiduntur.
490 554 556 603 Deus
574 555 702 618 patribus¹
723 555 819 604 divitias

85 627 158 690 dedit,
177 626 262 690 quibus
280 626 382 675 iudaeos
401 625 580 687 exhortabatur,
598 629 625 672 ut
642 630 723 688 patres
741 626 819 674 imita-

86 702 171 746 rentur
185 700 209 744 et
220 712 235 744 a
246 696 354 760 patribus
371 695 483 744 instructi
501 710 620 760 pauperes
638 696 730 744 nutrire
743 696 817 744 disoe-

84 773 146 815 rent.
159 768 193 815 At
205 765 249 814 mu
261 766 291 814 ad
309 765 405 815 divitias
422 770 525 830 patrum,
537 776 586 815 non
604 769 684 813 autem
703 766 733 813 ad
748 767 819 829 justi-

84 838 143 885 tiam
156 852 238 884 eorum
250 842 425 900 respexerunt3
440 840 524 900 gentes
536 850 593 884 vero
612 840 772 900 respexerunt
790 837 820 883 ad

57 924 59 929 ·
80 907 202 972 justitiam
215 911 239 953 et
250 922 299 954 non
310 907 340 955 ad
353 906 448 956 divitias
466 905 570 954 illorum.
587 904 727 969 Considera,
738 906 821 954 Domi-

87 994 145 1026 num
165 976 187 1024 ei
205 975 312 1025 dixisse:
331 977 396 1025 Hoo
413 977 514 1024 faoies
533 983 563 1023 et
581 975 676 1025 vives.
696 976 819 1035 Quomodo

87 1046 184 1095 diffioiie
197 1052 234 1096 est
251 1046 315 1096 hoo?
329 1047 433 1095 Diffioiie
446 1051 538 1094 tantum
552 1050 588 1094 est
599 1044 688 1094 talibus
706 1062 750 1110 per
764 1062 819 1110 por-

85 1122 134 1166 tam
146 1116 306 1182 perfectorum
319 1121 342 1166 et
355 1132 448 1165 oruoem
460 1117 606 1181 portantium
616 1114 626 1145 ‘2
638 1116 728 1165 intrare
744 1116 770 1163 iu
782 1133 819 1165 re-

85 1204 160 1251 gnum
178 1187 304 1236 ooeiorum.
325 1187 359 1235 Ut
371 1192 441 1251 porta
458 1187 528 1234 datur
545 1187 571 1234 in
590 1189 653 1233 statu
670 1186 818 1249 virginitatis

85 1257 231 1321 degentium,
243 1259 277 1305 ita
289 1262 313 1304 et
325 1257 395 1306 datur
406 1261 476 1321 porta
487 1257 513 1304 in
529 1255 617 1303 mundo
636 1256 782 1320 degentium,
795 1263 819 1305 et

84 1327 111 1375 in
122 1328 211 1375 mundo
225 1328 339 1391 degentes
358 1344 401 1391 per
414 1343 482 1375 suam
499 1330 593 1389 portam
610 1325 636 1372 in
647 1340 750 1390 reguum
764 1342 819 1391 pos-

86 1401 142 1445 sunt
153 1397 251 1460 intrare,
265 1397 306 1444 sed
319 1413 362 1460 per
374 1400 468 1461 portam
480 1396 601 1459 uirginum
614 1394 710 1443 diffioiie
730 1400 766 1444 est
785 1398 819 1446 eis

85 1467 183 1515 intrare.
203 1466 271 1524 Quod
289 1466 406 1516 Dominus
425 1466 555 1514 affirmauit
572 1465 672 1513 dioeus:
692 1481 702 1504 t
714 1466 818 1515 Diffioite

86 1541 123 1585 est
135 1564 153 1597 a,
166 1552 214 1584 non
227 1541 322 1585 autem:
337 1536 511 1601 timpossihile
525 1539 561 1584 est
573 1562 591 1584 1.

156 1606 283 1655 Pharisaei
303 1607 450 1654 oooasionem
471 1610 594 1669 oaptantes
617 1606 764 1654 oooasionem
777 1622 818 1654 vo-

85 1678 183 1725 luerunt
195 1676 303 1726 invenire
317 1680 340 1723 et
352 1677 414 1724 unus
427 1692 457 1723 ex
471 1675 505 1723 eis
517 1675 590 1738 venit,
603 1678 630 1721 ut
647 1679 751 1724 tentaret
769 1676 817 1725 Do·
838 1698 839 1702 ¹

82 1747 174 1795 minum
186 1750 210 1793 et
220 1747 320 1807 videret,
331 1749 411 1794 utrum
424 1745 545 1810 perfeotio,
555 1760 625 1809 quam
639 1744 725 1808 doonit,
737 1746 817 1809 legem

83 1817 193 1866 solveret.
212 1816 328 1864 Dominus
347 1829 372 1863 os
390 1817 461 1879 hujus
479 1814 604 1863 tentatoris
618 1816 698 1863 statim
711 1832 817 1879 oompes-

83 1887 132 1935 ouit
150 1887 247 1935 dioens:
268 1887 336 1935 Non
352 1891 400 1934 est
415 1887 523 1947 bonus,
536 1884 701 1950 nisiunus,
714 1891 738 1934 et
751 1886 817 1933 dein:

84 1957 196 2019 Soisne
218 1956 376 2008 mandata.
408 1955 499 2013 Quibus
523 1954 604 2004 verbis
632 1956 708 2018 primo
733 1957 818 2021 rejeoit

82 2026 160 2075 Deum
181 2026 293 2088 alienum,
315 2041 345 2072 ne
366 2025 470 2089 amptius
488 2025 659 2087 nominaretur,
682 2030 706 2074 et
727 2026 815 2090 docuit,

81 2096 194 2144 mandata
206 2095 299 2144 vivifiea
312 2099 366 2142 ante
379 2096 458 2159 ipsum
471 2094 560 2157 fuisse3
580 2095 683 2143 seonndo
699 2100 817 2144 monstra-

81 2167 124 2228 vit,
136 2165 191 2213 iilos
210 2181 280 2229 posse
299 2165 394 2227 saivari,
408 2169 431 2211 et
449 2165 528 2226 tertio,
541 2164 597 2227 quia
615 2179 698 2213 amaus
715 2183 768 2214 euni
780 2166 817 2213 in-

81 2237 157 2285 tuitus
170 2240 213 2297 est,
226 2234 337 2297 ostendit,
350 2238 497 2297 quantopere
510 2234 557 2297 ipsi
576 2233 625 2281 oari
643 2240 724 2283 essent
741 2236 758 2282 ii
776 2237 817 2298 qui

81 2306 193 2355 mandata
204 2305 285 2370 priora
296 2304 367 2368 plane
381 2306 544 2353 observarunt.
557 2303 700 2368 Adjungens
719 2310 816 2353 autem:

81 2376 181 2426 Aliud
200 2376 299 2424 adhue
318 2374 380 2423 tibi
397 2388 473 2437 opus
493 2378 549 2434 est,
569 2373 707 2437 deelaravit,
721 2375 816 2433 aduen-

80 2452 132 2495 tum
145 2462 215 2494 sunm
227 2462 275 2494 non
286 2444 379 2493 futilem
392 2448 415 2491 et
427 2443 523 2492 inanem
534 2444 615 2492 fuisse.
632 2444 763 2492 Praeterea
776 2444 816 2492 do-

80 2517 157 2565 fectus
175 2515 331 2580 plenitudinis
346 2515 372 2562 in
389 2513 464 2578 priori
481 2512 535 2577 iege
555 2514 624 2562 deum
644 2514 749 2562 alienum
768 2530 817 2563 non

80 2587 167 2651 prodit.
182 2585 208 2633 Si
219 2585 363 2635 Pharisaeus
376 2584 490 2633 mentitus
504 2589 568 2632 esset
584 2583 663 2631 dioens
675 2601 679 2632 :
692 2585 758 2632 Hoo
777 2584 817 2631 io-

81 2658 116 2718 oi,
129 2655 182 2721 quis
195 2670 248 2703 eum
261 2654 395 2720 impediret,
408 2653 534 2719 quominus
548 2654 653 2703 diceret:
669 2669 678 2693 t
690 2654 744 2704 Hoo
757 2670 815 2719 quio-

136 2838 153 2873 1.
168 2834 199 2872 sto
209 2835 228 2871 h.
238 2835 250 2872 t.
262 2834 395 2874 Patriarohae
406 2835 540 2886 appellantur,

134 2891 152 2927 2,
167 2888 199 2926 Ad
211 2889 307 2927 vertum:
321 2888 476 2927 [trueifiromm
