1780 3151
44 224 135 289 pellere
152 240 229 290 posse.
248 225 280 274 Et
297 241 369 289 quum
387 223 480 274 audiret
501 224 634 276 dicentem:
660 222 775 273 Firmiter

45 297 114 344 erede
128 300 152 344 et
162 296 229 345 vivet
240 296 289 344 filia
304 300 351 356 tua⁷
363 296 418 343 inde
428 295 556 360 intellexit,
567 311 591 343 se
600 295 672 344 fidem
681 294 774 343 medieo

43 382 86 430 pro
104 366 181 430 pretio
199 366 255 414 dare
274 381 351 428 posse.
372 365 418 423 Qui
432 367 505 413 verbo
518 366 565 413 oris
576 366 613 414 sui
625 367 731 429 sanabat,
744 364 772 414 fi-

44 436 89 499 dei,
103 453 163 501 quae
177 441 213 484 est
225 436 316 483 fruetus
330 434 385 496 oris,
404 435 537 483 mercedem
551 436 632 497 exegit
642 436 658 483 ⁴.
675 435 772 484 Sanatio

43 522 74 553 ex
87 523 127 554 ore
138 504 229 554 Christi
242 505 323 567 exirit,
334 509 357 552 et
366 504 436 552 fidem
449 521 480 552 eu
492 521 532 553 ore
545 505 652 553 mulieris
664 506 772 568 nogotia-

42 580 80 622 tus
93 581 136 624 est.
156 576 309 624 Sanationem
327 574 477 622 manifestam
495 574 561 624 dedit
573 579 596 622 et
608 575 711 640 pretium
723 592 771 624 ma-

35 645 154 694 nifestum
167 645 303 710 postulauit.
318 644 414 693 Sanatio
428 644 516 694 elabiis
529 646 579 709 ejus
589 644 720 709 prooedeus
730 661 772 709 pa-

40 713 89 763 lam
101 716 254 778 audiebatur3
267 715 321 763 ideo
334 715 404 762 fidem
417 714 487 764 labiis
496 714 645 781 propalatam
656 715 770 780 poposeit.

41 786 156 834 Attamen
174 803 246 850 quum
264 785 351 833 mulier
370 800 448 833 eoram
468 787 584 848 omnibus,
609 785 666 851 quid
682 786 771 833 factum

39 861 110 919 esset,
123 856 283 919 eonfiteretur,
297 859 321 903 et
339 855 360 903 ei
378 856 450 904 fidem
462 871 510 903 non
522 859 680 919 praestarent,
693 855 770 904 maxi-

39 940 77 972 me
86 942 114 973 ea
124 942 155 975 ex
165 941 241 989 eausa,
255 926 311 990 quia
323 927 373 991 ejus
387 925 480 974 dolores
493 926 624 974 absoonditi
636 929 704 973 erant
713 941 769 973 nam

38 998 63 1041 et
77 1012 150 1059 quum
162 995 242 1044 oeulos
255 996 317 1044 eoeoi
329 996 442 1060 aperiret,
461 1011 515 1043 eum
527 996 632 1043 insanire
647 995 768 1059 dixerunt,

38 1068 63 1111 et
74 1082 147 1130 quum
159 1065 278 1114 Lanarum
289 1068 353 1115 ritae
365 1066 484 1128 redderet,
503 1082 533 1113 ex
546 1065 580 1113 eis
592 1065 659 1130 ipsis,
680 1065 721 1130 qui
733 1065 768 1114 vi-

40 1134 131 1199 deraut,
150 1136 260 1184 nonnulli
278 1152 326 1185 non
344 1136 503 1199 erediderunt7
515 1140 643 1201 propterea
660 1135 767 1199 puellam

38 1204 162 1254 duodecim
175 1222 290 1255 annorum
302 1207 328 1254 in
340 1206 413 1255 vitam
427 1206 554 1255 remeavit.
573 1206 620 1264 Qui
633 1206 696 1254 enim
708 1205 766 1253 duo-

38 1275 114 1324 decim
127 1291 243 1324 annorum
255 1277 329 1326 vitam
342 1276 446 1340 eorporis
458 1292 506 1324 non
521 1276 682 1340 interruptam
693 1276 719 1323 in
731 1275 765 1323 lo-

35 1360 89 1394 sum
101 1362 170 1393 suum
182 1346 286 1409 reduxit
299 1347 377 1411 potuit
387 1351 410 1393 et
419 1346 510 1394 fluxum
521 1345 644 1408 sanguinis
654 1361 697 1410 per
707 1345 765 1393 duo-

36 1415 113 1463 decim
126 1431 200 1463 annos
219 1431 267 1464 non
280 1416 440 1480 interruptum
453 1417 584 1480 reprimere
597 1420 620 1463 et
633 1432 646 1463 a
657 1416 709 1464 loeo
722 1432 765 1464 suo

35 1485 127 1548 ejicere.
141 1485 188 1544 Qut
200 1502 273 1534 unum
285 1486 362 1550 potuit
381 1486 503 1547 redueere,
521 1486 599 1550 potuit
618 1491 643 1534 et
660 1485 763 1534 alterum

34 1555 164 1619 expellere,
183 1560 206 1603 et
224 1556 264 1620 qui
276 1556 342 1605 illius
360 1556 422 1604 filiae
441 1556 520 1604 omnia
536 1557 643 1604 membra
656 1560 764 1604 emortua

32 1625 168 1688 vivificavit,
180 1626 259 1689 potuit
271 1630 295 1673 et
306 1629 414 1675 uentrem
426 1625 496 1689 hujus
509 1626 615 1674 mulieris
629 1642 720 1674 sanare.

102 1694 232 1759 Postquam
245 1700 324 1744 autem
341 1695 427 1743 mulier
446 1700 530 1744 sanata
542 1699 585 1758 est,
605 1695 667 1743 dixit
678 1695 762 1743 Domi-

31 1780 91 1812 nus:
112 1780 121 1803 a
134 1765 193 1824 Quis
205 1781 243 1813 me
254 1765 334 1829 tetigit
344 1791 363 1826 a,
377 1765 474 1828 scilieet,
491 1769 518 1812 ut
527 1765 581 1829 ipsa
593 1781 672 1813 eoram
685 1766 719 1813 eis
732 1766 761 1814 de

31 1840 172 1899 recuperata
188 1851 230 1883 sua
243 1836 324 1883 'salute
343 1835 518 1884 testifioaretur.
535 1835 628 1883 ideireo
647 1835 718 1883 etiam
732 1836 761 1883 de

29 1904 111 1967 puella
121 1904 182 1952 dixit
193 1920 202 1942 ‘t
212 1905 312 1953 dormit
321 1932 340 1969 a,
349 1910 376 1953 ut
385 1905 432 1969 ipsi
441 1910 514 1953 testes
524 1904 615 1966 fierent,
626 1905 689 1969 qnod
698 1922 760 1954 mor-

30 1977 72 2021 tua
84 1969 154 2038 esset
163 1978 197 2037 ut,
207 1975 301 2038 quando
312 1991 363 2023 eam
371 1975 435 2023 vitae
446 1975 563 2023 redditam
575 1975 691 2037 uiderent,
700 1976 762 2025 deri-

31 2058 97 2091 sores
109 2044 134 2092 in
146 2049 220 2092 testes
234 2045 284 2108 ejus
297 2048 498 2094 converterentur.
511 2045 684 2094 Testimonium
697 2046 761 2094 enim

30 2113 59 2160 de
72 2118 147 2162 morte
160 2114 254 2177 puellae
267 2115 296 2161 ab
310 2114 344 2162 eis
358 2115 454 2177 editum,
468 2120 492 2162 et
503 2114 653 2164 resuseitatio
665 2115 760 2178 puellae

30 2185 104 2231 testes
114 2188 188 2244 erant,
196 2184 236 2248 qui
245 2188 346 2232 mortem
352 2184 450 2233 Domini
456 2185 638 2248 praecedebant,
645 2201 675 2232 ne
682 2185 759 2234 inere-

30 2252 81 2301 duli
92 2253 184 2315 fierent,
200 2254 293 2317 quando
313 2269 366 2302 eum
384 2255 519 2303 redivivum
536 2254 654 2304 uiderent.
673 2255 759 2320 ltaque

30 2323 85 2371 data
92 2324 201 2388 elegendi
207 2323 319 2372 faoiiltate
329 2324 391 2372 inter
400 2324 459 2372 haee
467 2325 512 2372 [luo
521 2341 560 2373 eos
567 2325 653 2388 posuit.
661 2325 687 2374 si
697 2327 760 2374 enim

28 2392 54 2440 in
66 2399 188 2457 posterum
200 2393 287 2442 iterum
301 2394 414 2457 dicerent,
430 2394 537 2460 puellam
549 2394 697 2457 dormivisse,
715 2411 759 2460 per

28 2462 74 2509 hoo
86 2479 179 2528 quoque
190 2465 235 2513 etsi
242 2463 367 2512 nolentes2
380 2480 435 2512 eum
446 2465 634 2529 magnificarent,
645 2464 699 2528 quia
709 2480 758 2512 om-

27 2532 98 2580 nibus
108 2535 280 2598 speotatoribus
290 2534 474 2599 dijudioantibus
485 2539 508 2583 et
516 2534 695 2597 affirmantibus,
705 2550 758 2583 eam

27 2601 101 2650 fuisse
113 2609 239 2669 mortuam7
255 2607 314 2669 ipse,
333 2609 460 2670 antequam
478 2605 583 2670 puellam
600 2604 700 2667 videret,
714 2606 758 2653 soi-

27 2669 108 2734 visset,
118 2689 170 2721 eam
180 2675 289 2723 dormire.
298 2675 323 2724 Si
332 2680 412 2723 autem
422 2676 535 2738 dicerent,
549 2691 600 2722 eam
612 2689 660 2721 non
669 2674 757 2724 dormi-

82 2795 99 2831 1.
114 2793 171 2833 Haeo
186 2808 213 2834 en
230 2797 274 2835 eod.
285 2797 314 2847 B,-
327 2798 347 2836 in
363 2797 407 2837 eod.
424 2797 442 2836 A
461 2795 570 2834 nonnullae
589 2806 651 2833 voees
667 2796 756 2836 omissae

29 2848 85 2884 sunt.

80 2903 98 2939 2.
113 2902 146 2939 Ita
155 2901 175 2938 in
187 2902 231 2941 eod.
242 2903 269 2951 133
279 2903 300 2941 in
311 2904 355 2943 eod.
365 2904 395 2941 A:
407 2903 471 2948 Quum
482 2914 522 2940 non
533 2901 623 2952 possent.
