1780 3151
103 172 150 221 134

105 258 131 306 Si
144 258 207 306 enim
222 259 253 307 ad
274 257 405 324 potentiam
427 273 494 306 suam
515 255 632 307 miracula
652 274 750 307 mensus
771 261 843 320 esset,

105 343 175 374 nemo
187 332 269 391 presset
282 329 417 389 aestimare,
430 332 544 392 qrrantam
557 328 682 376 viotoriam
694 328 770 378 virtus
789 329 841 391 eJ‘us

53 424 55 427 -
104 400 247 460 reportaret.
259 400 308 447 Ars
325 399 377 462 ejus
389 397 420 444 ad
431 398 518 445 famem
536 397 633 446 illorum
651 396 753 445 millium
765 397 843 445 homi-

105 482 163 513 num
176 473 316 516 mensurata
328 472 372 530 est,
382 483 453 531 (priam
465 483 580 530 meinerus
593 467 717 515 duodecim
730 466 843 531 cophino-

105 551 159 583 rum
172 537 320 602 superavitl.
334 537 408 602 Apud
425 552 510 584 omnes
526 536 628 585 artifices
641 536 786 585 desiderium
804 536 843 582 in-

104 604 240 667 digentium
261 607 336 670 nrajor
357 610 407 669 est,
428 621 499 669 quam
520 605 617 654 illorum
638 606 756 669 poten-tia,
777 605 840 669 (piria,

104 678 220 736 quantum
241 676 377 739 indigentes
402 673 551 736 desiderant,
570 674 674 723 artitioes
699 675 777 723 faeere
798 690 840 721 ne-

104 748 202 806 queunt.
216 745 264 793 Sed
275 745 363 793 creatio
377 741 470 792 Christi
483 743 559 807 major
571 748 607 791 est
619 743 766 807 indigentiis.
776 743 841 792 Rur-

105 827 145 861 sus
171 813 251 862 dixit:
278 813 438 876 Oc-lligite
464 812 648 876 fragmenta
666 827 789 873 cenae,
807 828 838 859 ne

104 882 163 944 quid
176 897 206 930 ex
225 883 259 931 eis
272 887 363 947 pereat,
377 886 401 929 et
413 897 443 928 ne
456 881 562 944 credant,
575 882 606 930 ad
624 882 728 946 speeiem
746 885 839 929 tantum

105 965 160 998 eum
172 952 216 999 hoc
228 952 319 1000 fecisse.
331 951 392 999 Oum
401 951 465 998 enim
476 950 613 1013 fragmenta
620 967 693 999 unum
707 952 839 999 alterumve

103 1019 166 1068 diem
185 1021 392 1082 conservaverint,
412 1020 446 1068 cis
465 1035 607 1084 persuasum
631 1020 690 1082 erit,
708 1020 838 1068 Dominum

101 1088 146 1136 hoc
157 1105 214 1138 rere
226 1089 319 1152 fecisse,
332 1105 378 1137 nee
389 1105 478 1137 vanum
494 1089 598 1137 adfuisse
610 1088 698 1138 visum.

172 1157 251 1218 Quum
269 1159 349 1207 satiati
368 1162 448 1207 essent
470 1163 493 1206 et
511 1158 637 1220 uidissent,
656 1158 717 1206 siout
734 1157 836 1224 Moysen

100 1225 150 1274 suis
163 1227 282 1291 precibus,
294 1229 328 1276 ita
340 1227 470 1276 Dominum
483 1244 526 1276 sua
537 1228 646 1291 petentia
655 1228 744 1291 populo
756 1227 835 1275 cibum

98 1311 266 1360 praeparasse,
280 1301 410 1361 coeperunt
422 1295 526 1344 clamare
539 1301 563 1344 et
575 1297 669 1345 dicere:
684 1297 766 1345 Vere
784 1295 836 1343 hie

101 1371 150 1413 est
167 1366 332 1430 propheta,
346 1366 381 1414 de
401 1381 459 1430 quo
478 1365 597 1413 dictum
615 1370 669 1428 est,
682 1381 748 1414 eum
765 1381 835 1413 ren-

101 1438 205 1482 turum
224 1451 294 1483 esse
312 1436 344 1483 iu
361 1435 514 1497 mundum,
530 1435 616 1498 quibus
633 1434 713 1484 verbis
728 1432 834 1497 ¹Moysen

98 1502 204 1551 oitarunt
221 1503 352 1553 dicentem:
373 1503 542 1566 “Prophetanr
560 1503 684 1553 suscitabit
700 1503 768 1552 robis
785 1503 835 1551 Do-

98 1572 178 1620 minus
188 1572 198 1602 2
210 1599 229 1634 a,
241 1588 290 1620 non
301 1574 458 1638 impotentem
470 1572 582 1635 aliquem,
596 1573 638 1620 sed
657 1573 704 1620 mei
722 1571 834 1633 similem,

96 1640 139 1704 qui
157 1641 254 1690 satiabit
265 1658 308 1691 uos
327 1643 427 1707 panibus
440 1641 466 1689 in
485 1642 586 1689 deserto.
607 1640 679 1689 “Mei
697 1641 800 1690 similem
812 1667 832 1702 a,

96 1709 136 1757 ait.
156 1710 234 1774 Super
252 1727 318 1760 orare
336 1710 475 1772 ambularit,
494 1710 520 1757 in
537 1712 601 1758 nube
620 1710 738 1775 apparuit,
757 1709 832 1757 ecele-

97 1779 156 1826 siam
170 1796 237 1828 suam
251 1781 331 1843 alege
344 1779 530 1828 circumcisionis
543 1780 614 1828 solvit
623 1784 648 1827 et
660 1780 774 1828 Ioannem
783 1778 833 1828 vir*

96 1847 177 1910 ginem
192 1866 235 1913 pro
247 1849 329 1913 Josue,
341 1849 390 1897 lilio
402 1849 460 1897 Nun
468 1849 552 1896 dueem
560 1848 607 1896 Dei
620 1849 749 1911 constituit,
762 1848 831 1912 eique

94 1915 206 1977 Mariam,
214 1917 339 1966 ecclesiam
352 1934 427 1979 suam,
435 1918 513 1979 dedit3
527 1917 588 1965 sicut
596 1916 693 1980 Moyses
705 1917 779 1966 Josue
788 1933 831 1981 po-

94 1985 180 2048 pulum
193 1986 299 2050 dederat,
312 1991 338 2035 ut
350 1986 499 2050 impleretur,
512 1986 575 2049 quod
588 1985 677 2034 dictum
697 1991 745 2035 est:
761 1985 830 2034 “mei

94 2054 197 2103 similem
209 2082 227 2105 n.

163 2124 284 2173 Etcum
303 2126 527 2188 advesperam
552 2129 638 2173 esset
660 2126 737 2187 dies,
764 2140 828 2174 sur-

93 2198 250 2252 rexerunt
287 2193 441 2258 discipuli
472 2198 502 2241 et
534 2196 749 2244 ascenderunt
781 2209 828 2243 na-

91 2277 166 2323 vem,
194 2267 227 2311 ut
252 2264 337 2312 irent
361 2263 392 2311 in
420 2262 647 2327 Oaplrarnaum.
675 2264 828 2312 Dominus

90 2334 195 2379 autern
214 2333 364 2381 aseendit
381 2332 413 2380 in
437 2336 580 2395 montem,
598 2337 630 2380 ut
648 2332 736 2380 solus
763 2349 827 2381 era-

89 2404 138 2448 ret
148 2399 239 2463 (Mire.
252 2402 288 2463 14,
299 2402 390 2463 aer-33).
406 2417 415 2439 <⁶
424 2402 495 2463 Eece,
508 2402 548 2464 ait,
562 2418 634 2465 super
648 2406 741 2450 montes
753 2403 827 2465 pedes
881 2430 882 2433 =

89 2469 280 2533 evangelizantis
290 2470 300 2500 5
310 2498 328 2520 0.
343 2471 402 2529 Quis
415 2471 461 2519 iste
474 2472 512 2531 sit,
525 2471 577 2534 ipse
597 2470 702 2534 explicat
719 2470 825 2519 addens:

90 2553 99 2576 «ἰ
113 2539 160 2598 (tui
173 2538 325 2602 evangelizat
338 2555 420 2604 precem
430 2567 448 2589 77·
463 2538 528 2587 cuir
537 2540 662 2588 Geritibus.
677 2555 687 2578 u
701 2541 826 2605 Loquutus

140 2696 157 2732 1.
172 2694 198 2732 Id
208 2697 253 2733 est:
264 2694 310 2733 Nou
326 2694 392 2733 solum
406 2695 480 2733 latrem
497 2707 568 2734 eorum
580 2695 679 2746 expleuit,
687 2694 724 2733 sed
739 2693 824 2745 insuper

88 2746 197 2785 duodecim
215 2747 315 2798 cophinos
332 2748 472 2799 paumnfecit,
489 2747 524 2799 qui
536 2747 583 2798 post
599 2748 695 2788 satiatam
711 2747 825 2787 multitudi-

83 2811 130 2838 nem
140 2799 283 2838 remanebant,

135 2853 154 2889 2.
171 2852 234 2890 Dnur.
246 2855 276 2902 18,
288 2854 319 2891 la.

135 2906 155 2943 3.
171 2904 224 2945 Nan.
236 2907 254 2955 1,
266 2906 300 2944 15.
