<?xml version="1.0" encoding="UTF-8"?>
<!DOCTYPE html PUBLIC "-//W3C//DTD XHTML 1.0 Transitional//EN"
    "http://www.w3.org/TR/xhtml1/DTD/xhtml1-transitional.dtd">
<html xmlns="http://www.w3.org/1999/xhtml" xml:lang="en" lang="en">
 <head>
  <title>
</title>
<meta http-equiv="Content-Type" content="text/html;charset=utf-8" />
  <meta name='ocr-system' content='tesseract 3.04.00' />
  <meta name='ocr-capabilities' content='ocr_page ocr_carea ocr_par ocr_line ocrx_word'/>
</head>
<body>
  <div class='ocr_page' id='page_1' title='image "./MN41655ucmf_1_0136.png"; bbox 0 0 1780 3151; ppageno 0'>
   <div class='ocr_carea' id='block_1_1' title="bbox 114 223 850 2599">
    <p class='ocr_par' dir='ltr' id='par_1_1' title="bbox 116 223 846 359">
     <span class='ocr_line' id='line_1_1' title="bbox 116 223 846 289; baseline 0.004 -19"><span class='ocrx_word' id='word_1_1' title='bbox 116 223 192 272; x_wconf 90' lang='lat' dir='ltr'>tribus</span> <span class='ocrx_word' id='word_1_2' title='bbox 211 224 346 273; x_wconf 90' lang='lat' dir='ltr'>nominibus</span> <span class='ocrx_word' id='word_1_3' title='bbox 365 223 497 273; x_wconf 84' lang='lat' dir='ltr'>divinitatis</span> <span class='ocrx_word' id='word_1_4' title='bbox 516 240 597 273; x_wconf 90' lang='lat' dir='ltr'>omnes</span> <span class='ocrx_word' id='word_1_5' title='bbox 616 230 699 289; x_wconf 79' lang='lat' dir='ltr'>gentes</span> <span class='ocrx_word' id='word_1_6' title='bbox 718 228 846 289; x_wconf 88' lang='lat' dir='ltr'>quaesunt</span> 
     </span>
     <span class='ocr_line' id='line_1_2' title="bbox 118 294 481 359; baseline 0.006 -19"><span class='ocrx_word' id='word_1_7' title='bbox 118 294 208 341; x_wconf 84' lang='lat' dir='ltr'>familia</span> <span class='ocrx_word' id='word_1_8' title='bbox 221 295 316 358; x_wconf 82' lang='lat' dir='ltr'>Adami,</span> <span class='ocrx_word' id='word_1_9' title='bbox 330 295 481 359; x_wconf 77' lang='lat' dir='ltr'>expiabunt?</span> 
     </span>
    </p>

    <p class='ocr_par' dir='ltr' id='par_1_2' title="bbox 114 364 846 1549">
     <span class='ocr_line' id='line_1_3' title="bbox 185 364 844 430; baseline -0.003 -17"><span class='ocrx_word' id='word_1_10' title='bbox 185 364 220 413; x_wconf 83' lang='lat' dir='ltr'>In</span> <span class='ocrx_word' id='word_1_11' title='bbox 242 381 458 430; x_wconf 88' lang='lat' dir='ltr'>quamcunque</span> <span class='ocrx_word' id='word_1_12' title='bbox 483 366 603 414; x_wconf 88' lang='lat' dir='ltr'>domurn</span> <span class='ocrx_word' id='word_1_13' title='bbox 627 365 844 427; x_wconf 87' lang='lat' dir='ltr'>intraveritis,</span> 
     </span>
     <span class='ocr_line' id='line_1_4' title="bbox 117 433 845 500; baseline 0.001 -20"><span class='ocrx_word' id='word_1_14' title='bbox 117 433 251 496; x_wconf 86' lang='lat' dir='ltr'>primum</span> <span class='ocrx_word' id='word_1_15' title='bbox 270 435 416 484; x_wconf 87' lang='lat' dir='ltr'>salutate</span> <span class='ocrx_word' id='word_1_16' title='bbox 435 436 559 497; x_wconf 89' lang='lat' dir='ltr'>domum,</span> <span class='ocrx_word' id='word_1_17' title='bbox 578 442 605 484; x_wconf 92' lang='lat' dir='ltr'>ut</span> <span class='ocrx_word' id='word_1_18' title='bbox 617 435 732 483; x_wconf 89' lang='lat' dir='ltr'>Dominus</span> <span class='ocrx_word' id='word_1_19' title='bbox 745 435 796 500; x_wconf 90' lang='lat' dir='ltr'>ipse</span> <span class='ocrx_word' id='word_1_20' title='bbox 810 435 845 482; x_wconf 91' lang='lat' dir='ltr'>in-</span> 
     </span>
     <span class='ocr_line' id='line_1_5' title="bbox 116 505 846 568; baseline 0.004 -18"><span class='ocrx_word' id='word_1_21' title='bbox 116 507 164 551; x_wconf 91' lang='lat' dir='ltr'>tret</span> <span class='ocrx_word' id='word_1_22' title='bbox 174 509 198 552; x_wconf 91' lang='lat' dir='ltr'>et</span> <span class='ocrx_word' id='word_1_23' title='bbox 207 505 232 553; x_wconf 87' lang='lat' dir='ltr'>in</span> <span class='ocrx_word' id='word_1_24' title='bbox 242 522 270 553; x_wconf 92' lang='lat' dir='ltr'>ea</span> <span class='ocrx_word' id='word_1_25' title='bbox 280 506 423 568; x_wconf 74' lang='lat' dir='ltr'>diversetur,</span> <span class='ocrx_word' id='word_1_26' title='bbox 434 505 503 554; x_wconf 90' lang='lat' dir='ltr'>sicuti</span> <span class='ocrx_word' id='word_1_27' title='bbox 513 506 576 568; x_wconf 86' lang='lat' dir='ltr'>apud</span> <span class='ocrx_word' id='word_1_28' title='bbox 582 505 700 554; x_wconf 67' lang='lat' dir='ltr'>Mariaml</span> <span class='ocrx_word' id='word_1_29' title='bbox 712 505 846 553; x_wconf 81' lang='lat' dir='ltr'>diversatus</span> 
     </span>
     <span class='ocr_line' id='line_1_6' title="bbox 118 575 846 641; baseline 0.003 -21"><span class='ocrx_word' id='word_1_30' title='bbox 118 578 162 637; x_wconf 87' lang='lat' dir='ltr'>est,</span> <span class='ocrx_word' id='word_1_31' title='bbox 176 578 199 622; x_wconf 90' lang='lat' dir='ltr'>et</span> <span class='ocrx_word' id='word_1_32' title='bbox 211 580 269 623; x_wconf 92' lang='lat' dir='ltr'>tunc</span> <span class='ocrx_word' id='word_1_33' title='bbox 280 576 317 624; x_wconf 94' lang='lat' dir='ltr'>illi</span> <span class='ocrx_word' id='word_1_34' title='bbox 326 592 374 639; x_wconf 86' lang='lat' dir='ltr'>qua</span> <span class='ocrx_word' id='word_1_35' title='bbox 383 576 495 641; x_wconf 87' lang='lat' dir='ltr'>discipuli</span> <span class='ocrx_word' id='word_1_36' title='bbox 504 575 555 639; x_wconf 83' lang='lat' dir='ltr'>ejus</span> <span class='ocrx_word' id='word_1_37' title='bbox 567 575 600 624; x_wconf 90' lang='lat' dir='ltr'>ibi</span> <span class='ocrx_word' id='word_1_38' title='bbox 609 576 765 639; x_wconf 76' lang='lat' dir='ltr'>hospitentur.</span> <span class='ocrx_word' id='word_1_39' title='bbox 779 576 846 623; x_wconf 89' lang='lat' dir='ltr'>Haec</span> 
     </span>
     <span class='ocr_line' id='line_1_7' title="bbox 117 644 845 709; baseline 0.004 -19"><span class='ocrx_word' id='word_1_40' title='bbox 117 644 230 692; x_wconf 87' lang='lat' dir='ltr'>salutatio</span> <span class='ocrx_word' id='word_1_41' title='bbox 243 646 385 709; x_wconf 83' lang='lat' dir='ltr'>mysterium</span> <span class='ocrx_word' id='word_1_42' title='bbox 398 651 435 693; x_wconf 89' lang='grc'>051</span> <span class='ocrx_word' id='word_1_43' title='bbox 447 646 502 693; x_wconf 84' lang='lat' dir='ltr'>fidei</span> <span class='ocrx_word' id='word_1_44' title='bbox 515 646 565 709; x_wconf 87' lang='lat' dir='ltr'>ejus</span> <span class='ocrx_word' id='word_1_45' title='bbox 577 646 603 694; x_wconf 90' lang='lat' dir='ltr'>in</span> <span class='ocrx_word' id='word_1_46' title='bbox 614 650 685 705; x_wconf 87' lang='lat' dir='ltr'>terra,</span> <span class='ocrx_word' id='word_1_47' title='bbox 696 652 845 709; x_wconf 75' lang='grc'><strong>0110000100-</strong></span> 
     </span>
     <span class='ocr_line' id='line_1_8' title="bbox 116 714 846 778; baseline 0.004 -18"><span class='ocrx_word' id='word_1_48' title='bbox 116 717 156 762; x_wconf 88' lang='lat' dir='ltr'>tur</span> <span class='ocrx_word' id='word_1_49' title='bbox 169 714 294 763; x_wconf 87' lang='lat' dir='ltr'>inimicitia</span> <span class='ocrx_word' id='word_1_50' title='bbox 304 714 321 777; x_wconf 60' lang='grc'><strong>1,</strong></span> <span class='ocrx_word' id='word_1_51' title='bbox 334 716 425 765; x_wconf 89' lang='lat' dir='ltr'>bellum</span> <span class='ocrx_word' id='word_1_52' title='bbox 436 716 600 778; x_wconf 72' lang='lat' dir='ltr'>compescitur,</span> <span class='ocrx_word' id='word_1_53' title='bbox 618 716 725 763; x_wconf 89' lang='lat' dir='ltr'>homines</span> <span class='ocrx_word' id='word_1_54' title='bbox 744 716 846 765; x_wconf 81' lang='lat' dir='ltr'>invicem</span> 
     </span>
     <span class='ocr_line' id='line_1_9' title="bbox 117 784 846 850; baseline 0.004 -20"><span class='ocrx_word' id='word_1_55' title='bbox 117 799 142 831; x_wconf 90' lang='grc'><strong>50</strong></span> <span class='ocrx_word' id='word_1_56' title='bbox 155 791 294 847; x_wconf 78' lang='lat' dir='ltr'>agnoscunt.</span> <span class='ocrx_word' id='word_1_57' title='bbox 309 785 385 850; x_wconf 71' lang='lat' dir='ltr'>Cujus</span> <span class='ocrx_word' id='word_1_58' title='bbox 399 785 548 833; x_wconf 80' lang='lat' dir='ltr'>salutationis</span> <span class='ocrx_word' id='word_1_59' title='bbox 568 787 665 833; x_wconf 88' lang='lat' dir='ltr'>effectus</span> <span class='ocrx_word' id='word_1_60' title='bbox 677 784 796 833; x_wconf 86' lang='lat' dir='ltr'>velamine</span> <span class='ocrx_word' id='word_1_61' title='bbox 810 802 846 833; x_wconf 91' lang='lat' dir='ltr'>er-</span> 
     </span>
     <span class='ocr_line' id='line_1_10' title="bbox 116 854 846 920; baseline 0 -18"><span class='ocrx_word' id='word_1_62' title='bbox 116 855 178 903; x_wconf 87' lang='lat' dir='ltr'>roris</span> <span class='ocrx_word' id='word_1_63' title='bbox 190 858 268 904; x_wconf 90' lang='lat' dir='ltr'>tectus</span> <span class='ocrx_word' id='word_1_64' title='bbox 282 861 341 918; x_wconf 89' lang='lat' dir='ltr'>erat,</span> <span class='ocrx_word' id='word_1_65' title='bbox 353 856 409 904; x_wconf 90' lang='lat' dir='ltr'>licet</span> <span class='ocrx_word' id='word_1_66' title='bbox 423 857 474 920; x_wconf 81' lang='lat' dir='ltr'>jam</span> <span class='ocrx_word' id='word_1_67' title='bbox 487 854 554 919; x_wconf 90' lang='lat' dir='ltr'>prius</span> <span class='ocrx_word' id='word_1_68' title='bbox 566 855 708 920; x_wconf 78' lang='lat' dir='ltr'>mysterium</span> <span class='ocrx_word' id='word_1_69' title='bbox 726 871 846 905; x_wconf 89' lang='lat' dir='ltr'>resurrec-</span> 
     </span>
     <span class='ocr_line' id='line_1_11' title="bbox 117 924 846 991; baseline 0.003 -20"><span class='ocrx_word' id='word_1_70' title='bbox 117 924 188 972; x_wconf 85' lang='lat' dir='ltr'>tionis</span> <span class='ocrx_word' id='word_1_71' title='bbox 201 926 367 974; x_wconf 77' lang='lat' dir='ltr'>mortuorum5</span> <span class='ocrx_word' id='word_1_72' title='bbox 381 930 445 973; x_wconf 92' lang='lat' dir='ltr'>esset</span> <span class='ocrx_word' id='word_1_73' title='bbox 459 924 654 989; x_wconf 77' lang='lat' dir='ltr'>praefiguratum,</span> <span class='ocrx_word' id='word_1_74' title='bbox 673 926 739 991; x_wconf 77' lang='lat' dir='ltr'>cujus</span> <span class='ocrx_word' id='word_1_75' title='bbox 753 930 776 973; x_wconf 91' lang='lat' dir='ltr'>et</span> <span class='ocrx_word' id='word_1_76' title='bbox 788 926 846 973; x_wconf 90' lang='lat' dir='ltr'>ima-</span> 
     </span>
     <span class='ocr_line' id='line_1_12' title="bbox 118 995 846 1059; baseline 0.001 -18"><span class='ocrx_word' id='word_1_77' title='bbox 118 995 198 1057; x_wconf 81' lang='lat' dir='ltr'>ginem</span> <span class='ocrx_word' id='word_1_78' title='bbox 211 1011 249 1044; x_wconf 90' lang='lat' dir='ltr'>res</span> <span class='ocrx_word' id='word_1_79' title='bbox 263 997 406 1045; x_wconf 88' lang='lat' dir='ltr'>inanimatae</span> <span class='ocrx_word' id='word_1_80' title='bbox 420 995 553 1057; x_wconf 84' lang='lat' dir='ltr'>efformant,</span> <span class='ocrx_word' id='word_1_81' title='bbox 573 1011 645 1059; x_wconf 84' lang='lat' dir='ltr'>quum</span> <span class='ocrx_word' id='word_1_82' title='bbox 657 996 701 1043; x_wconf 76' lang='lat' dir='ltr'>lux</span> <span class='ocrx_word' id='word_1_83' title='bbox 713 995 810 1044; x_wconf 82' lang='lat' dir='ltr'>advenit</span> <span class='ocrx_word' id='word_1_84' title='bbox 823 1000 846 1042; x_wconf 89' lang='lat' dir='ltr'>ct</span> 
     </span>
     <span class='ocr_line' id='line_1_13' title="bbox 117 1065 846 1130; baseline 0.001 -19"><span class='ocrx_word' id='word_1_85' title='bbox 117 1080 204 1112; x_wconf 88' lang='lat' dir='ltr'>aurora</span> <span class='ocrx_word' id='word_1_86' title='bbox 215 1072 309 1114; x_wconf 87' lang='lat' dir='ltr'>noctem</span> <span class='ocrx_word' id='word_1_87' title='bbox 322 1066 447 1130; x_wconf 80' lang='lat' dir='ltr'>expellens</span> <span class='ocrx_word' id='word_1_88' title='bbox 460 1070 565 1130; x_wconf 89' lang='lat' dir='ltr'>apparet.</span> <span class='ocrx_word' id='word_1_89' title='bbox 575 1065 669 1113; x_wconf 72' lang='lat' dir='ltr'>Exinde</span> <span class='ocrx_word' id='word_1_90' title='bbox 682 1069 762 1113; x_wconf 88' lang='lat' dir='ltr'>autem</span> <span class='ocrx_word' id='word_1_91' title='bbox 771 1065 846 1114; x_wconf 90' lang='lat' dir='ltr'>homi-</span> 
     </span>
     <span class='ocr_line' id='line_1_14' title="bbox 116 1134 845 1200; baseline 0.001 -19"><span class='ocrx_word' id='word_1_92' title='bbox 116 1150 158 1181; x_wconf 91' lang='lat' dir='ltr'>nes</span> <span class='ocrx_word' id='word_1_93' title='bbox 172 1134 217 1182; x_wconf 93' lang='lat' dir='ltr'>sibi</span> <span class='ocrx_word' id='word_1_94' title='bbox 229 1135 331 1183; x_wconf 82' lang='lat' dir='ltr'>invicem</span> <span class='ocrx_word' id='word_1_95' title='bbox 341 1136 442 1184; x_wconf 90' lang='lat' dir='ltr'>salutem</span> <span class='ocrx_word' id='word_1_96' title='bbox 451 1135 529 1183; x_wconf 88' lang='lat' dir='ltr'>dicere</span> <span class='ocrx_word' id='word_1_97' title='bbox 540 1140 563 1182; x_wconf 90' lang='lat' dir='ltr'>et</span> <span class='ocrx_word' id='word_1_98' title='bbox 573 1136 660 1183; x_wconf 87' lang='lat' dir='ltr'>dictam</span> <span class='ocrx_word' id='word_1_99' title='bbox 670 1135 780 1200; x_wconf 76' lang='lat' dir='ltr'>excipere</span> <span class='ocrx_word' id='word_1_100' title='bbox 794 1151 845 1183; x_wconf 91' lang='lat' dir='ltr'>coe-</span> 
     </span>
     <span class='ocr_line' id='line_1_15' title="bbox 116 1204 846 1270; baseline 0.001 -19"><span class='ocrx_word' id='word_1_101' title='bbox 116 1207 211 1267; x_wconf 88' lang='lat' dir='ltr'>perunt,</span> <span class='ocrx_word' id='word_1_102' title='bbox 224 1209 251 1252; x_wconf 92' lang='lat' dir='ltr'>ut</span> <span class='ocrx_word' id='word_1_103' title='bbox 268 1206 327 1253; x_wconf 89' lang='lat' dir='ltr'>haec</span> <span class='ocrx_word' id='word_1_104' title='bbox 343 1206 482 1270; x_wconf 73' lang='lat' dir='ltr'>imprecatio</span> <span class='ocrx_word' id='word_1_105' title='bbox 501 1204 618 1253; x_wconf 80' lang='lat' dir='ltr'>dicentem</span> <span class='ocrx_word' id='word_1_106' title='bbox 638 1209 733 1253; x_wconf 87' lang='lat' dir='ltr'>sanaret</span> <span class='ocrx_word' id='word_1_107' title='bbox 746 1205 770 1252; x_wconf 90' lang='grc'>01</span> <span class='ocrx_word' id='word_1_108' title='bbox 782 1205 846 1253; x_wconf 83' lang='lat' dir='ltr'>exci-</span> 
     </span>
     <span class='ocr_line' id='line_1_16' title="bbox 115 1274 846 1337; baseline 0.001 -15"><span class='ocrx_word' id='word_1_109' title='bbox 115 1274 191 1337; x_wconf 87' lang='lat' dir='ltr'>pienti</span> <span class='ocrx_word' id='word_1_110' title='bbox 203 1275 392 1323; x_wconf 84' lang='lat' dir='ltr'>benedictionem</span> <span class='ocrx_word' id='word_1_111' title='bbox 405 1275 508 1323; x_wconf 86' lang='lat' dir='ltr'>afferret.</span> <span class='ocrx_word' id='word_1_112' title='bbox 519 1274 566 1332; x_wconf 81' lang='lat' dir='ltr'>Qui</span> <span class='ocrx_word' id='word_1_113' title='bbox 578 1279 658 1323; x_wconf 89' lang='lat' dir='ltr'>autem</span> <span class='ocrx_word' id='word_1_114' title='bbox 669 1276 742 1323; x_wconf 82' lang='lat' dir='ltr'>verba</span> <span class='ocrx_word' id='word_1_115' title='bbox 753 1279 846 1323; x_wconf 87' lang='lat' dir='ltr'>tantum</span> 
     </span>
     <span class='ocr_line' id='line_1_17' title="bbox 114 1344 845 1410; baseline 0 -18"><span class='ocrx_word' id='word_1_116' title='bbox 114 1345 184 1409; x_wconf 82' lang='lat' dir='ltr'>hujus</span> <span class='ocrx_word' id='word_1_117' title='bbox 198 1344 348 1393; x_wconf 86' lang='lat' dir='ltr'>salutationis</span> <span class='ocrx_word' id='word_1_118' title='bbox 362 1345 487 1410; x_wconf 87' lang='lat' dir='ltr'>accipiunt,</span> <span class='ocrx_word' id='word_1_119' title='bbox 506 1359 550 1391; x_wconf 90' lang='lat' dir='ltr'>nec</span> <span class='ocrx_word' id='word_1_120' title='bbox 568 1361 663 1393; x_wconf 91' lang='lat' dir='ltr'>sensum</span> <span class='ocrx_word' id='word_1_121' title='bbox 677 1361 759 1392; x_wconf 89' lang='lat' dir='ltr'>eorum</span> <span class='ocrx_word' id='word_1_122' title='bbox 771 1362 845 1393; x_wconf 89' lang='lat' dir='ltr'>mem-</span> 
     </span>
     <span class='ocr_line' id='line_1_18' title="bbox 115 1414 845 1479; baseline 0 -17"><span class='ocrx_word' id='word_1_123' title='bbox 115 1415 166 1462; x_wconf 84' lang='lat' dir='ltr'>bris</span> <span class='ocrx_word' id='word_1_124' title='bbox 180 1414 229 1462; x_wconf 93' lang='lat' dir='ltr'>suis</span> <span class='ocrx_word' id='word_1_125' title='bbox 242 1414 385 1479; x_wconf 88' lang='lat' dir='ltr'>impressum</span> <span class='ocrx_word' id='word_1_126' title='bbox 397 1415 493 1477; x_wconf 84' lang='lat' dir='ltr'>habent,</span> <span class='ocrx_word' id='word_1_127' title='bbox 506 1430 583 1479; x_wconf 51' lang='lat' dir='ltr'>¹super</span> <span class='ocrx_word' id='word_1_128' title='bbox 597 1415 641 1463; x_wconf 90' lang='lat' dir='ltr'>hos</span> <span class='ocrx_word' id='word_1_129' title='bbox 657 1414 725 1478; x_wconf 86' lang='lat' dir='ltr'>quasi</span> <span class='ocrx_word' id='word_1_130' title='bbox 736 1414 780 1462; x_wconf 78' lang='lat' dir='ltr'>lux</span> <span class='ocrx_word' id='word_1_131' title='bbox 802 1415 845 1462; x_wconf 85' lang='lat' dir='ltr'>dif-</span> 
     </span>
     <span class='ocr_line' id='line_1_19' title="bbox 117 1484 843 1549; baseline 0 -18"><span class='ocrx_word' id='word_1_132' title='bbox 117 1484 224 1532; x_wconf 85' lang='lat' dir='ltr'>funditur</span> <span class='ocrx_word' id='word_1_133' title='bbox 237 1489 261 1531; x_wconf 91' lang='lat' dir='ltr'>et</span> <span class='ocrx_word' id='word_1_134' title='bbox 273 1487 302 1533; x_wconf 91' lang='lat' dir='ltr'>ab</span> <span class='ocrx_word' id='word_1_135' title='bbox 315 1485 349 1533; x_wconf 88' lang='lat' dir='ltr'>eis</span> <span class='ocrx_word' id='word_1_136' title='bbox 361 1489 518 1549; x_wconf 70' lang='lat' dir='ltr'>permutatur,</span> <span class='ocrx_word' id='word_1_137' title='bbox 535 1485 595 1532; x_wconf 91' lang='lat' dir='ltr'>sicut</span> <span class='ocrx_word' id='word_1_138' title='bbox 607 1485 669 1532; x_wconf 89' lang='lat' dir='ltr'>radii</span> <span class='ocrx_word' id='word_1_139' title='bbox 682 1484 738 1532; x_wconf 92' lang='grc'><strong>50115</strong></span> <span class='ocrx_word' id='word_1_140' title='bbox 749 1489 843 1533; x_wconf 88' lang='lat' dir='ltr'>atcrra.</span> 
     </span>
    </p>

    <p class='ocr_par' dir='ltr' id='par_1_3' title="bbox 114 1553 850 2599">
     <span class='ocr_line' id='line_1_20' title="bbox 185 1553 844 1618; baseline 0 -17"><span class='ocrx_word' id='word_1_141' title='bbox 185 1554 253 1601; x_wconf 90' lang='lat' dir='ltr'>Haec</span> <span class='ocrx_word' id='word_1_142' title='bbox 271 1558 309 1603; x_wconf 88' lang='grc'>051</span> <span class='ocrx_word' id='word_1_143' title='bbox 329 1555 446 1616; x_wconf 90' lang='lat' dir='ltr'>salutatio,</span> <span class='ocrx_word' id='word_1_144' title='bbox 466 1569 526 1618; x_wconf 88' lang='lat' dir='ltr'>quae</span> <span class='ocrx_word' id='word_1_145' title='bbox 543 1553 681 1618; x_wconf 89' lang='lat' dir='ltr'>praedicata</span> <span class='ocrx_word' id='word_1_146' title='bbox 693 1559 729 1602; x_wconf 90' lang='lat' dir='ltr'>est</span> <span class='ocrx_word' id='word_1_147' title='bbox 740 1554 844 1616; x_wconf 86' lang='lat' dir='ltr'>nominc,</span> 
     </span>
     <span class='ocr_line' id='line_1_21' title="bbox 116 1623 844 1688; baseline 0 -17"><span class='ocrx_word' id='word_1_148' title='bbox 116 1624 256 1672; x_wconf 86' lang='lat' dir='ltr'>abscondita</span> <span class='ocrx_word' id='word_1_149' title='bbox 272 1625 368 1687; x_wconf 80' lang='lat' dir='ltr'>virtute,</span> <span class='ocrx_word' id='word_1_150' title='bbox 386 1624 506 1688; x_wconf 80' lang='lat' dir='ltr'>explicata</span> <span class='ocrx_word' id='word_1_151' title='bbox 523 1639 566 1686; x_wconf 89' lang='lat' dir='ltr'>per</span> <span class='ocrx_word' id='word_1_152' title='bbox 584 1623 715 1683; x_wconf 88' lang='lat' dir='ltr'>scientiam,</span> <span class='ocrx_word' id='word_1_153' title='bbox 734 1624 844 1671; x_wconf 88' lang='lat' dir='ltr'>ordinata</span> 
     </span>
     <span class='ocr_line' id='line_1_22' title="bbox 114 1693 845 1757; baseline 0 -16"><span class='ocrx_word' id='word_1_154' title='bbox 114 1709 158 1757; x_wconf 90' lang='lat' dir='ltr'>per</span> <span class='ocrx_word' id='word_1_155' title='bbox 166 1694 315 1757; x_wconf 74' lang='lat' dir='ltr'>mysterium,</span> <span class='ocrx_word' id='word_1_156' title='bbox 325 1699 349 1742; x_wconf 90' lang='lat' dir='ltr'>et</span> <span class='ocrx_word' id='word_1_157' title='bbox 359 1694 466 1742; x_wconf 90' lang='lat' dir='ltr'>omnibus</span> <span class='ocrx_word' id='word_1_158' title='bbox 475 1693 610 1742; x_wconf 88' lang='lat' dir='ltr'>hominibus</span> <span class='ocrx_word' id='word_1_159' title='bbox 620 1695 714 1742; x_wconf 84' lang='lat' dir='ltr'>ommno</span> <span class='ocrx_word' id='word_1_160' title='bbox 726 1694 845 1742; x_wconf 87' lang='lat' dir='ltr'>sufficiens</span> 
     </span>
     <span class='ocr_line' id='line_1_23' title="bbox 116 1763 845 1829; baseline 0.001 -19"><span class='ocrx_word' id='word_1_161' title='bbox 116 1768 158 1811; x_wconf 89' lang='lat' dir='ltr'>est.</span> <span class='ocrx_word' id='word_1_162' title='bbox 169 1764 344 1829; x_wconf 79' lang='lat' dir='ltr'>Quaproptcra</span> <span class='ocrx_word' id='word_1_163' title='bbox 355 1764 457 1812; x_wconf 86' lang='lat' dir='ltr'>Domino</span> <span class='ocrx_word' id='word_1_164' title='bbox 467 1763 535 1828; x_wconf 85' lang='lat' dir='ltr'>quasi</span> <span class='ocrx_word' id='word_1_165' title='bbox 544 1779 685 1828; x_wconf 87' lang='lat' dir='ltr'>praecursor</span> <span class='ocrx_word' id='word_1_166' title='bbox 699 1778 751 1811; x_wconf 90' lang='lat' dir='ltr'>cum</span> <span class='ocrx_word' id='word_1_167' title='bbox 773 1764 845 1812; x_wconf 89' lang='lat' dir='ltr'>disci-</span> 
     </span>
     <span class='ocr_line' id='line_1_24' title="bbox 116 1833 846 1898; baseline 0 -18"><span class='ocrx_word' id='word_1_168' title='bbox 116 1834 180 1897; x_wconf 85' lang='lat' dir='ltr'>pulis</span> <span class='ocrx_word' id='word_1_169' title='bbox 193 1833 266 1882; x_wconf 89' lang='lat' dir='ltr'>missa</span> <span class='ocrx_word' id='word_1_170' title='bbox 278 1838 321 1895; x_wconf 90' lang='lat' dir='ltr'>est,</span> <span class='ocrx_word' id='word_1_171' title='bbox 331 1838 358 1881; x_wconf 92' lang='lat' dir='ltr'>ut</span> <span class='ocrx_word' id='word_1_172' title='bbox 370 1849 453 1898; x_wconf 88' lang='lat' dir='ltr'>pacem</span> <span class='ocrx_word' id='word_1_173' title='bbox 472 1834 561 1881; x_wconf 83' lang='lat' dir='ltr'>faceret</span> <span class='ocrx_word' id='word_1_174' title='bbox 573 1838 598 1880; x_wconf 91' lang='lat' dir='ltr'>et</span> <span class='ocrx_word' id='word_1_175' title='bbox 608 1833 672 1881; x_wconf 81' lang='lat' dir='ltr'>riam</span> <span class='ocrx_word' id='word_1_176' title='bbox 691 1837 745 1880; x_wconf 90' lang='lat' dir='ltr'>ante</span> <span class='ocrx_word' id='word_1_177' title='bbox 761 1833 846 1881; x_wconf 78' lang='lat' dir='ltr'>faciem</span> 
     </span>
     <span class='ocr_line' id='line_1_25' title="bbox 117 1902 845 1967; baseline 0 -17"><span class='ocrx_word' id='word_1_178' title='bbox 117 1919 200 1951; x_wconf 89' lang='lat' dir='ltr'>eorum</span> <span class='ocrx_word' id='word_1_179' title='bbox 211 1908 315 1966; x_wconf 87' lang='lat' dir='ltr'>pararet,</span> <span class='ocrx_word' id='word_1_180' title='bbox 329 1903 385 1951; x_wconf 86' lang='lat' dir='ltr'>dum</span> <span class='ocrx_word' id='word_1_181' title='bbox 397 1904 499 1951; x_wconf 87' lang='lat' dir='ltr'>celerem</span> <span class='ocrx_word' id='word_1_182' title='bbox 511 1918 594 1950; x_wconf 82' lang='lat' dir='ltr'>rocem</span> <span class='ocrx_word' id='word_1_183' title='bbox 612 1902 726 1951; x_wconf 90' lang='lat' dir='ltr'>induebat</span> <span class='ocrx_word' id='word_1_184' title='bbox 743 1903 845 1967; x_wconf 81' lang='lat' dir='ltr'>Aposto-</span> 
     </span>
     <span class='ocr_line' id='line_1_26' title="bbox 117 1971 845 2038; baseline 0.001 -18"><span class='ocrx_word' id='word_1_185' title='bbox 117 1972 201 2034; x_wconf 85' lang='lat' dir='ltr'>lorum,</span> <span class='ocrx_word' id='word_1_186' title='bbox 215 1974 256 2037; x_wconf 86' lang='lat' dir='ltr'>qui</span> <span class='ocrx_word' id='word_1_187' title='bbox 268 1973 345 2020; x_wconf 89' lang='lat' dir='ltr'>coloni</span> <span class='ocrx_word' id='word_1_188' title='bbox 360 1974 410 2038; x_wconf 88' lang='lat' dir='ltr'>ejus</span> <span class='ocrx_word' id='word_1_189' title='bbox 424 1978 499 2020; x_wconf 89' lang='lat' dir='ltr'>erant.</span> <span class='ocrx_word' id='word_1_190' title='bbox 517 1973 583 2021; x_wconf 87' lang='lat' dir='ltr'>Haec</span> <span class='ocrx_word' id='word_1_191' title='bbox 596 1972 706 2020; x_wconf 88' lang='lat' dir='ltr'>salutatio</span> <span class='ocrx_word' id='word_1_192' title='bbox 724 1971 749 2020; x_wconf 92' lang='lat' dir='ltr'>in</span> <span class='ocrx_word' id='word_1_193' title='bbox 761 1973 845 2036; x_wconf 78' lang='lat' dir='ltr'>quavis</span> 
     </span>
     <span class='ocr_line' id='line_1_27' title="bbox 116 2041 845 2106; baseline 0.001 -16"><span class='ocrx_word' id='word_1_194' title='bbox 116 2043 185 2091; x_wconf 89' lang='lat' dir='ltr'>domo</span> <span class='ocrx_word' id='word_1_195' title='bbox 199 2043 368 2106; x_wconf 85' lang='lat' dir='ltr'>seminabatur,</span> <span class='ocrx_word' id='word_1_196' title='bbox 386 2047 413 2090; x_wconf 93' lang='lat' dir='ltr'>ut</span> <span class='ocrx_word' id='word_1_197' title='bbox 432 2043 538 2091; x_wconf 88' lang='lat' dir='ltr'>membra</span> <span class='ocrx_word' id='word_1_198' title='bbox 553 2041 603 2106; x_wconf 78' lang='lat' dir='ltr'>ejus</span> <span class='ocrx_word' id='word_1_199' title='bbox 617 2046 740 2106; x_wconf 88' lang='lat' dir='ltr'>separaret</span> <span class='ocrx_word' id='word_1_200' title='bbox 753 2048 776 2090; x_wconf 92' lang='lat' dir='ltr'>et</span> <span class='ocrx_word' id='word_1_201' title='bbox 789 2043 845 2091; x_wconf 86' lang='lat' dir='ltr'>diri-</span> 
     </span>
     <span class='ocr_line' id='line_1_28' title="bbox 117 2110 845 2175; baseline 0 -16"><span class='ocrx_word' id='word_1_202' title='bbox 117 2118 201 2175; x_wconf 89' lang='lat' dir='ltr'>meret,</span> <span class='ocrx_word' id='word_1_203' title='bbox 214 2114 272 2162; x_wconf 89' lang='lat' dir='ltr'>etin</span> <span class='ocrx_word' id='word_1_204' title='bbox 284 2129 367 2161; x_wconf 89' lang='lat' dir='ltr'>omnes</span> <span class='ocrx_word' id='word_1_205' title='bbox 379 2112 499 2161; x_wconf 79' lang='lat' dir='ltr'>auditores</span> <span class='ocrx_word' id='word_1_206' title='bbox 512 2110 623 2175; x_wconf 87' lang='lat' dir='ltr'>intrabat,</span> <span class='ocrx_word' id='word_1_207' title='bbox 636 2117 663 2160; x_wconf 93' lang='lat' dir='ltr'>ut</span> <span class='ocrx_word' id='word_1_208' title='bbox 675 2112 736 2160; x_wconf 88' lang='lat' dir='ltr'>filios</span> <span class='ocrx_word' id='word_1_209' title='bbox 749 2113 795 2162; x_wconf 89' lang='lat' dir='ltr'>sibi</span> <span class='ocrx_word' id='word_1_210' title='bbox 807 2128 845 2160; x_wconf 94' lang='lat' dir='ltr'>co-</span> 
     </span>
     <span class='ocr_line' id='line_1_29' title="bbox 117 2182 850 2246; baseline 0 -16"><span class='ocrx_word' id='word_1_211' title='bbox 117 2182 850 2246; x_wconf 16' lang='lat' dir='ltr'>gnatos&#39;⁴secerneret,segregarentetineisp&#39;ermaneret,eos,</span> 
     </span>
     <span class='ocr_line' id='line_1_30' title="bbox 116 2253 846 2318; baseline 0 -18"><span class='ocrx_word' id='word_1_212' title='bbox 116 2257 204 2314; x_wconf 90' lang='lat' dir='ltr'>autem,</span> <span class='ocrx_word' id='word_1_213' title='bbox 217 2254 257 2315; x_wconf 92' lang='lat' dir='ltr'>qui</span> <span class='ocrx_word' id='word_1_214' title='bbox 270 2254 378 2301; x_wconf 81' lang='lat' dir='ltr'>diversae</span> <span class='ocrx_word' id='word_1_215' title='bbox 388 2253 475 2301; x_wconf 85' lang='lat' dir='ltr'>indolis</span> <span class='ocrx_word' id='word_1_216' title='bbox 485 2257 559 2314; x_wconf 87' lang='lat' dir='ltr'>erant,</span> <span class='ocrx_word' id='word_1_217' title='bbox 569 2253 649 2317; x_wconf 89' lang='lat' dir='ltr'>palam</span> <span class='ocrx_word' id='word_1_218' title='bbox 661 2253 749 2300; x_wconf 83' lang='lat' dir='ltr'>faceret</span> <span class='ocrx_word' id='word_1_219' title='bbox 759 2256 846 2318; x_wconf 89' lang='lat' dir='ltr'>etpost</span> 
     </span>
     <span class='ocr_line' id='line_1_31' title="bbox 116 2322 844 2387; baseline -0.003 -16"><span class='ocrx_word' id='word_1_220' title='bbox 116 2323 297 2371; x_wconf 89' lang='lat' dir='ltr'>seminationem</span> <span class='ocrx_word' id='word_1_221' title='bbox 309 2325 338 2371; x_wconf 87' lang='lat' dir='ltr'>ab</span> <span class='ocrx_word' id='word_1_222' title='bbox 350 2323 385 2371; x_wconf 91' lang='lat' dir='ltr'>eis</span> <span class='ocrx_word' id='word_1_223' title='bbox 396 2323 517 2371; x_wconf 88' lang='lat' dir='ltr'>transiret.</span> <span class='ocrx_word' id='word_1_224' title='bbox 530 2323 597 2370; x_wconf 91' lang='lat' dir='ltr'>Haec</span> <span class='ocrx_word' id='word_1_225' title='bbox 610 2322 728 2383; x_wconf 88' lang='lat' dir='ltr'>salutatio,</span> <span class='ocrx_word' id='word_1_226' title='bbox 740 2338 769 2370; x_wconf 78' lang='lat' dir='ltr'>en</span> <span class='ocrx_word' id='word_1_227' title='bbox 779 2325 844 2387; x_wconf 83' lang='lat' dir='ltr'>Apo-</span> 
     </span>
     <span class='ocr_line' id='line_1_32' title="bbox 117 2392 845 2457; baseline 0 -17"><span class='ocrx_word' id='word_1_228' title='bbox 117 2394 184 2441; x_wconf 89' lang='lat' dir='ltr'>stolis</span> <span class='ocrx_word' id='word_1_229' title='bbox 199 2392 306 2453; x_wconf 83' lang='lat' dir='ltr'>effluens,</span> <span class='ocrx_word' id='word_1_230' title='bbox 322 2392 347 2439; x_wconf 89' lang='lat' dir='ltr'>in</span> <span class='ocrx_word' id='word_1_231' title='bbox 358 2393 471 2441; x_wconf 81' lang='lat' dir='ltr'>fratribus</span> <span class='ocrx_word' id='word_1_232' title='bbox 484 2408 565 2440; x_wconf 90' lang='lat' dir='ltr'>eorum</span> <span class='ocrx_word' id='word_1_233' title='bbox 580 2407 627 2439; x_wconf 91' lang='lat' dir='ltr'>non</span> <span class='ocrx_word' id='word_1_234' title='bbox 641 2392 741 2456; x_wconf 79' lang='lat' dir='ltr'>exaruit,</span> <span class='ocrx_word' id='word_1_235' title='bbox 760 2397 787 2440; x_wconf 91' lang='lat' dir='ltr'>ut</span> <span class='ocrx_word' id='word_1_236' title='bbox 804 2409 845 2457; x_wconf 88' lang='lat' dir='ltr'>pa-</span> 
     </span>
     <span class='ocr_line' id='line_1_33' title="bbox 116 2461 844 2526; baseline 0.001 -17"><span class='ocrx_word' id='word_1_237' title='bbox 116 2464 216 2525; x_wconf 85' lang='lat' dir='ltr'>tefieret,</span> <span class='ocrx_word' id='word_1_238' title='bbox 226 2463 366 2510; x_wconf 90' lang='lat' dir='ltr'>thesaurum</span> <span class='ocrx_word' id='word_1_239' title='bbox 372 2463 475 2525; x_wconf 90' lang='lat' dir='ltr'>Domini,</span> <span class='ocrx_word' id='word_1_240' title='bbox 485 2461 526 2526; x_wconf 85' lang='lat' dir='ltr'>qui</span> <span class='ocrx_word' id='word_1_241' title='bbox 538 2477 590 2510; x_wconf 84' lang='lat' dir='ltr'>earn</span> <span class='ocrx_word' id='word_1_242' title='bbox 599 2462 670 2524; x_wconf 90' lang='lat' dir='ltr'>misit,</span> <span class='ocrx_word' id='word_1_243' title='bbox 680 2479 728 2510; x_wconf 88' lang='lat' dir='ltr'>non</span> <span class='ocrx_word' id='word_1_244' title='bbox 737 2463 844 2510; x_wconf 87' lang='lat' dir='ltr'>deficere.</span> 
     </span>
     <span class='ocr_line' id='line_1_34' title="bbox 116 2531 845 2599; baseline -0.001 -18"><span class='ocrx_word' id='word_1_245' title='bbox 116 2533 168 2581; x_wconf 84' lang='lat' dir='ltr'>Nec</span> <span class='ocrx_word' id='word_1_246' title='bbox 179 2535 316 2599; x_wconf 89' lang='lat' dir='ltr'>permutata</span> <span class='ocrx_word' id='word_1_247' title='bbox 329 2532 401 2579; x_wconf 91' lang='lat' dir='ltr'>estin</span> <span class='ocrx_word' id='word_1_248' title='bbox 413 2532 466 2580; x_wconf 90' lang='lat' dir='ltr'>istis</span> <span class='ocrx_word' id='word_1_249' title='bbox 479 2531 527 2580; x_wconf 90' lang='lat' dir='ltr'>suis</span> <span class='ocrx_word' id='word_1_250' title='bbox 540 2533 703 2597; x_wconf 86' lang='lat' dir='ltr'>acceptoribus</span> <span class='ocrx_word' id='word_1_251' title='bbox 722 2537 749 2580; x_wconf 92' lang='lat' dir='ltr'>ut</span> <span class='ocrx_word' id='word_1_252' title='bbox 767 2536 845 2581; x_wconf 86' lang='lat' dir='ltr'>conte-</span> 
     </span>
    </p>
   </div>
   <div class='ocr_carea' id='block_1_2' title="bbox 119 2689 845 2945">
    <p class='ocr_par' dir='ltr' id='par_1_4' title="bbox 172 2689 634 2739">
     <span class='ocr_line' id='line_1_35' title="bbox 172 2689 634 2739; baseline -0.006 -9"><span class='ocrx_word' id='word_1_253' title='bbox 172 2694 188 2731; x_wconf 85' lang='lat'>1.</span> <span class='ocrx_word' id='word_1_254' title='bbox 203 2692 289 2730; x_wconf 80' lang='lat' dir='ltr'>Mariam</span> <span class='ocrx_word' id='word_1_255' title='bbox 300 2702 392 2728; x_wconf 88' lang='lat' dir='ltr'>sororem</span> <span class='ocrx_word' id='word_1_256' title='bbox 403 2689 475 2728; x_wconf 84' lang='lat' dir='ltr'>Lazari</span> <span class='ocrx_word' id='word_1_257' title='bbox 484 2691 503 2728; x_wconf 90' lang='lat' dir='ltr'>h.</span> <span class='ocrx_word' id='word_1_258' title='bbox 513 2690 526 2727; x_wconf 93' lang='lat' dir='ltr'>l.</span> <span class='ocrx_word' id='word_1_259' title='bbox 535 2689 634 2739; x_wconf 81' lang='lat' dir='ltr'>intelligo¹</span> 
     </span>
    </p>

    <p class='ocr_par' dir='ltr' id='par_1_5' title="bbox 169 2742 629 2784">
     <span class='ocr_line' id='line_1_36' title="bbox 169 2742 629 2784; baseline -0.007 -2"><span class='ocrx_word' id='word_1_260' title='bbox 169 2747 188 2782; x_wconf 84' lang='lat'>2.</span> <span class='ocrx_word' id='word_1_261' title='bbox 203 2746 236 2783; x_wconf 86' lang='lat' dir='ltr'>Ita</span> <span class='ocrx_word' id='word_1_262' title='bbox 247 2756 273 2783; x_wconf 81' lang='lat' dir='ltr'>ex</span> <span class='ocrx_word' id='word_1_263' title='bbox 284 2742 328 2783; x_wconf 79' lang='lat' dir='ltr'>cod.</span> <span class='ocrx_word' id='word_1_264' title='bbox 338 2744 361 2781; x_wconf 88' lang='lat' dir='ltr'>B.</span> <span class='ocrx_word' id='word_1_265' title='bbox 371 2744 396 2781; x_wconf 86' lang='lat' dir='ltr'>In</span> <span class='ocrx_word' id='word_1_266' title='bbox 407 2744 451 2781; x_wconf 86' lang='lat' dir='ltr'>cod.</span> <span class='ocrx_word' id='word_1_267' title='bbox 461 2745 480 2782; x_wconf 84' lang='lat' dir='ltr'>A</span> <span class='ocrx_word' id='word_1_268' title='bbox 492 2743 602 2781; x_wconf 69' lang='lat' dir='ltr'>sinimicus</span> <span class='ocrx_word' id='word_1_269' title='bbox 612 2764 629 2784; x_wconf 61' lang='lat' dir='ltr'>a,</span> 
     </span>
    </p>

    <p class='ocr_par' dir='ltr' id='par_1_6' title="bbox 119 2795 845 2902">
     <span class='ocr_line' id='line_1_37' title="bbox 170 2795 845 2847; baseline -0.003 -11"><span class='ocrx_word' id='word_1_270' title='bbox 170 2800 188 2836; x_wconf 84' lang='lat'>3.</span> <span class='ocrx_word' id='word_1_271' title='bbox 202 2797 337 2836; x_wconf 83' lang='lat' dir='ltr'>Resurrectio</span> <span class='ocrx_word' id='word_1_272' title='bbox 349 2798 474 2836; x_wconf 87' lang='lat' dir='ltr'>mortuorum</span> <span class='ocrx_word' id='word_1_273' title='bbox 485 2798 504 2835; x_wconf 87' lang='lat' dir='ltr'>h.</span> <span class='ocrx_word' id='word_1_274' title='bbox 514 2796 527 2834; x_wconf 92' lang='lat' dir='ltr'>l.</span> <span class='ocrx_word' id='word_1_275' title='bbox 536 2806 573 2847; x_wconf 87' lang='lat' dir='ltr'>pro</span> <span class='ocrx_word' id='word_1_276' title='bbox 584 2798 627 2836; x_wconf 90' lang='lat' dir='ltr'>toto</span> <span class='ocrx_word' id='word_1_277' title='bbox 644 2808 705 2847; x_wconf 87' lang='lat' dir='ltr'>opere</span> <span class='ocrx_word' id='word_1_278' title='bbox 723 2795 845 2835; x_wconf 69' lang='grc'><strong>(1111110010-</strong></span> 
     </span>
     <span class='ocr_line' id='line_1_38' title="bbox 119 2849 781 2902; baseline -0.008 -12"><span class='ocrx_word' id='word_1_279' title='bbox 119 2851 248 2902; x_wconf 81' lang='lat' dir='ltr'>demptionis,</span> <span class='ocrx_word' id='word_1_280' title='bbox 258 2853 317 2902; x_wconf 85' lang='lat' dir='ltr'>eujus</span> <span class='ocrx_word' id='word_1_281' title='bbox 326 2850 372 2889; x_wconf 90' lang='lat' dir='ltr'>finis</span> <span class='ocrx_word' id='word_1_282' title='bbox 383 2851 404 2888; x_wconf 85' lang='lat' dir='ltr'>et</span> <span class='ocrx_word' id='word_1_283' title='bbox 414 2850 472 2899; x_wconf 90' lang='lat' dir='ltr'>quasi</span> <span class='ocrx_word' id='word_1_284' title='bbox 483 2861 558 2888; x_wconf 89' lang='lat' dir='ltr'>corona</span> <span class='ocrx_word' id='word_1_285' title='bbox 568 2853 606 2899; x_wconf 85' lang='lat' dir='ltr'>est,</span> <span class='ocrx_word' id='word_1_286' title='bbox 616 2851 683 2901; x_wconf 85' lang='lat' dir='ltr'>posita</span> <span class='ocrx_word' id='word_1_287' title='bbox 693 2849 781 2890; x_wconf 80' lang='lat' dir='ltr'>ridetur.</span> 
     </span>
    </p>

    <p class='ocr_par' dir='ltr' id='par_1_7' title="bbox 172 2902 601 2945">
     <span class='ocr_line' id='line_1_39' title="bbox 172 2902 601 2945; baseline -0.007 -1"><span class='ocrx_word' id='word_1_288' title='bbox 172 2907 190 2944; x_wconf 83' lang='lat'>4.</span> <span class='ocrx_word' id='word_1_289' title='bbox 205 2905 238 2943; x_wconf 85' lang='lat' dir='ltr'>Ad</span> <span class='ocrx_word' id='word_1_290' title='bbox 248 2906 333 2943; x_wconf 82' lang='lat' dir='ltr'>verbum</span> <span class='ocrx_word' id='word_1_291' title='bbox 344 2904 417 2942; x_wconf 73' lang='lat' dir='ltr'>atilios</span> <span class='ocrx_word' id='word_1_292' title='bbox 426 2902 516 2942; x_wconf 81' lang='lat' dir='ltr'>familiae</span> <span class='ocrx_word' id='word_1_293' title='bbox 526 2915 575 2942; x_wconf 85' lang='lat' dir='ltr'>suae</span> <span class='ocrx_word' id='word_1_294' title='bbox 584 2924 601 2945; x_wconf 75' lang='lat' dir='ltr'>a.</span> 
     </span>
    </p>
   </div>
   <div class='ocr_carea' id='block_1_3' title="bbox 0 0 894 3151">
    <p class='ocr_par' dir='ltr' id='par_1_8' title="bbox 0 0 894 3151">
     <span class='ocr_line' id='line_1_40' title="bbox 0 0 894 3151; baseline 0 0"><span class='ocrx_word' id='word_1_295' title='bbox 0 0 894 3151; x_wconf 95' lang='lat' dir='ltr'> </span> 
     </span>
    </p>
   </div>
  </div>
 </body>
</html>
