1780 3151
803 140 848 188 275

107 226 228 292 Ephraem
235 245 283 278 non
292 233 329 277 est
338 228 444 279 ablatum
453 227 469 291 ί,
476 245 523 293 quo
533 229 637 293 patebat,
644 225 736 291 aliquid
745 226 844 286 intribu

106 297 170 346 Juda
181 300 345 348 absconditum
357 299 438 347 fuisse.
451 299 540 348 Videat
553 315 618 362 ergo7
631 312 688 345 num
703 297 727 344 id
740 296 804 361 quod
817 297 843 345 in

106 366 159 431 ipsa
170 369 268 433 latebat,
280 368 350 418 hodie
364 369 441 417 adhuc
453 368 478 415 in
492 384 519 417 ea
533 367 729 431 extetpidemque
745 367 787 431 qui
799 384 841 415 an-

105 440 145 484 tea
158 454 252 502 semper
264 432 316 500 fuit⁷
330 437 350 484 ei
360 438 435 486 honor
448 438 578 486 seruetur?
592 436 661 496 Quos]
672 437 691 483 si
700 437 751 499 jam
764 438 841 486 honor

104 506 156 569 ejus
168 508 255 556 nullibi
273 512 316 569 est,
329 506 372 555 ilia
390 523 484 570 quoque
502 507 630 554 manifesta
649 505 753 569 expiatio
769 509 798 556 ab
812 523 841 555 ea

104 574 184 624 ablata
196 582 240 639 est,
253 591 313 641 quae
326 576 351 623 in
364 592 392 624 ea
404 575 543 624 abscondita
556 579 615 639 erat
628 578 651 621 et
664 575 720 636 qnia
737 577 796 624 haec
814 576 840 624 in

105 646 217 706 gentibus
230 645 413 707 recondebatur,
424 646 501 693 honor
513 661 607 709 quoqne
620 644 671 707 ejus
684 660 737 692 eam
756 662 840 710 seque-

103 714 180 763 batur.
193 716 226 764 Et
239 732 301 776 ecce,
320 716 451 779 prophetae
470 714 534 762 inter
553 718 637 778 gentes
656 714 768 762 continuo
785 732 840 780 pro-

103 783 254 847 phennenae
267 784 323 849 quia
341 784 431 848 scripta
448 799 532 831 eorum
550 784 662 832 continuo
680 782 795 847 leguntur
816 788 841 831 et

103 852 163 901 fides
177 854 211 901 eis
223 855 340 915 habetur;
355 858 379 900 et
397 854 467 917 signa
488 854 599 901 continuo
618 852 685 913 fiunt,
699 852 755 916 quia
772 853 842 916 signa

103 922 181 984 primo
195 927 219 970 et
228 924 306 971 medio
319 938 377 971 aevo
389 922 452 971 facta
464 939 508 985 per
520 922 592 971 ficiem
606 921 639 970 eis
659 927 841 986 repraesentan-

103 994 150 1053 tur,
165 997 189 1039 et
201 992 317 1040 sacrificia
329 992 440 1040 continuo
453 992 593 1055 offeruntur,
607 992 668 1041 siout
680 991 723 1040 ilia
735 990 841 1057 priorai,

104 1063 129 1107 et
141 1060 184 1109 iiia
195 1061 279 1110 domus
291 1061 401 1111 ionadab
411 1061 428 1108 [ἢ

177 1131 225 1179 Sed
243 1132 331 1180 dantur
350 1130 475 1194 quideme
488 1131 529 1195 qui
541 1130 647 1180 fimbrias
669 1130 779 1179 veritatis
800 1147 842 1196 ap-

102 1200 283 1263 prehenderunt
306 1201 388 1264 eisque
415 1202 504 1248 annexi
529 1200 603 1249 sunt6
624 1203 647 1246 et
664 1199 724 1248 haec
741 1205 840 1265 propter

103 1269 218 1318 virtutem
231 1274 255 1317 et
266 1271 315 1318 vim
327 1285 394 1318 suam
404 1284 444 1318 eos
454 1286 524 1318 ruere
536 1286 585 1317 non
598 1269 660 1318 sivit.
673 1269 731 1318 Noli
741 1286 840 1335 quaere-

104 1354 130 1386 re
143 1339 191 1387 uim
204 1341 341 1402 verborum,
353 1354 455 1403 quorum
474 1355 558 1387 sensns
570 1355 647 1402 uagus
661 1342 697 1386 est
710 1344 734 1387 et
751 1339 840 1388 claudi-

104 1412 149 1470 cat,
164 1408 205 1456 sed
224 1408 322 1457 attende
341 1409 370 1456 ad
389 1412 529 1456 contextum
549 1423 644 1470 eorum,
663 1424 709 1471 quo
727 1409 842 1458 nimirum

103 1481 211 1542 tempore
225 1479 334 1526 dieantur
348 1481 371 1525 et
384 1477 414 1524 de
426 1478 512 1540 quibus
526 1481 646 1540 enarrent,
659 1493 704 1525 nec
717 1479 840 1542 confugias

103 1547 133 1595 ad
146 1548 308 1608 (licentiantes,
322 1546 364 1594 seri
377 1546 407 1594 ad
426 1547 568 1609 grauitatem
584 1562 656 1596 sanae
671 1548 841 1610 persuasionis.

103 1616 283 1665 Testamentum
296 1616 314 1679 7,
327 1631 373 1679 quo
387 1616 491 1680 Spiritus
503 1619 611 1665 membra
631 1615 722 1665 Christi
735 1616 840 1665 delinea-

101 1686 144 1748 vit,
155 1686 180 1733 in
192 1686 314 1749 mysteriis
327 1685 492 1734 absconditam
504 1686 555 1749 ejus
568 1686 669 1735 formam
684 1687 748 1734 clare
761 1691 839 1735 osten-

102 1755 137 1802 dit
146 1754 163 1802 ὃ.
176 1755 267 1817 Magna
285 1754 429 1818 significarit
446 1755 590 1817 nominibus,
604 1759 628 1803 et
640 1756 780 1804 abscondita
798 1772 839 1804 ex-

101 1825 181 1889 posuit
198 1840 242 1889 per
267 1825 404 1885 manifesta3
423 1823 538 1873 indicavit
561 1828 671 1888 tempora
693 1830 716 1872 et
735 1826 840 1873 ostendit

101 1909 226 1957 numeros3
246 1894 365 1942 ordinauit
382 1894 454 1941 horas
468 1897 492 1940 et
506 1899 633 1954 momenta,
649 1898 673 1940 et
691 1910 779 1942 areana
797 1911 838 1959 po-

101 1963 150 2010 suit
172 1964 197 2011 in
216 1963 352 2011 nominibus
377 1965 400 2009 et
425 1962 568 2026 sapientiam
591 1964 617 2011 in
641 1963 838 2027 expositionibus.

101 2031 225 2095 Sapientia
236 2033 388 2095 antiquorum
401 2032 513 2095 operibus
530 2033 607 2097 magis
627 2033 749 2096 excelluit,
769 2050 840 2097 quam

100 2102 188 2163 verbis,
202 2106 226 2149 et
238 2100 416 2149 nurltitudinem
430 2101 544 2149 scientiae
560 2118 612 2151 cum
630 2102 725 2151 silentio
743 2107 839 2167 praetu-

101 2170 182 2219 lerunt
194 2169 360 2219 exercitationi
371 2169 476 2231 linguae.

158 2353 175 2388 1.
189 2351 247 2389 Haec
264 2349 368 2388 sententia
383 2362 410 2388 ex
426 2350 471 2387 (rod.
485 2350 501 2386 B
517 2353 611 2401 correcta
621 2353 663 2398 est3
674 2351 693 2388 in
704 2351 749 2390 cod.
758 2350 778 2388 A
789 2363 838 2391 non·

102 2403 158 2442 nulla
167 2404 233 2442 verba
245 2403 326 2441 desunt.

156 2458 175 2494 2.
189 2457 214 2496 In
224 2458 269 2496 cod.
280 2456 298 2494 Α
309 2454 341 2492 est
352 2454 562 2504 oprophetiaabauta,
572 2457 592 2494 in
610 2456 737 2505 imperfecto,
753 2455 808 2506 qnod
817 2457 837 2494 h.

102 2509 115 2545 l.
127 2509 149 2545 ut
160 2520 221 2560 saepe
232 2508 407 2548 continuationem
419 2507 506 2545 actionis
517 2509 626 2559 significat.
633 2509 658 2546 Iu
668 2509 734 2548 aaa
744 2511 776 2547 est
786 2510 837 2548 tem-

102 2573 140 2613 pus
150 2574 256 2612 praesens.
266 2561 324 2600 idem
335 2561 359 2598 tle
369 2572 418 2598 mox
428 2560 564 2609 sequentibus
574 2561 643 2601 uerbis
654 2562 717 2600 valet.

156 2616 174 2652 3.
189 2615 206 2652 I.
216 2628 233 2653 c.
244 2613 349 2654 Sacrificia
359 2612 436 2663 antiqui
446 2613 553 2652 Foederis.

155 2669 174 2704 4.
189 2668 206 2705 Ι.
218 2679 235 2704 e.
246 2666 348 2706 sacrificia
357 2666 413 2704 vitae
423 2666 533 2705 asceticae.
545 2666 621 2706 Confer
631 2666 674 2705 Ina.
685 2667 716 2716 36,
729 2667 770 2704 6-7.

84 2757 85 2760 ,
154 2719 174 2757 5.
189 2720 273 2758 Scilicet
283 2733 309 2759 ex
320 2719 413 2758 Jmlaeis.

155 2773 174 2810 b.
188 2773 220 2811 Ad
231 2774 328 2812 uerbum:
341 2781 349 2802 t
360 2773 380 2810 et
390 2771 486 2821 suspensi
495 2774 567 2813 sunta.

156 2826 174 2863 7.
188 2826 205 2863 Ι.
216 2839 234 2865 e.
244 2826 351 2877 Scriptura
361 2824 574 2874 antiquircsamenn.

156 2881 174 2919 8,
189 2879 221 2920 Sic
231 2879 252 2920 in
262 2878 308 2919 cod.
317 2878 340 2917 B.
351 2877 375 2915 In
385 2876 429 2916 cod.
440 2877 458 2915 A
468 2876 533 2917 falso:
546 2887 554 2908 t
566 2875 676 2917 ostendere
687 2898 704 2920 a.
