1780 3151
759 102 803 149 181

66 186 125 247 vid,
144 187 298 236 miserere
318 188 377 236 mei
398 187 466 252 (Luc.
488 191 530 250 18,
550 190 645 253 rra-43).
669 189 689 238 O
711 184 806 236 felicem

40 304 42 309 ,
65 255 208 318 mendicum,
221 257 262 321 qui
280 273 378 305 inanum
397 259 537 321 extendens,
551 263 578 306 01
590 261 619 307 ab
632 257 729 308 homine
748 258 805 305 obo-

65 325 115 372 lum
128 325 253 390 acciperet,
267 326 355 390 dignus
368 326 464 374 habitus
477 326 660 390 0010100000]
673 345 688 375 a
700 328 752 375 Deo
765 341 804 374 ac-

65 393 163 457 ciperet.
178 410 188 433 u
200 396 267 459 Jesu,
280 395 321 457 ait,
340 394 376 442 fili
394 394 481 457 David,
501 396 616 445 miserere
637 398 686 445 mei
698 424 717 447 s.
735 397 803 444 Bene

65 463 192 527 cogitabat,
206 480 258 513 curn
277 479 329 512 esse
342 463 418 511 filium
430 463 540 526 Davidis,
553 466 594 528 qui
607 466 682 514 caecis
695 471 719 514 et
738 466 803 514 clau-

65 532 101 580 dis
123 533 246 582 lebusaeis
261 532 451 582 inisericordiam
473 533 592 597 adhibuit
602 534 634 581 Et
646 535 704 597 quid
722 534 745 582 ei
765 550 802 582 re-

65 601 186 664 spondet?
202 603 349 666 Respice,
365 601 448 649 fides
461 606 556 650 tuate
575 602 699 651 salvum
716 603 802 652 fecit.

65 671 121 720 Non
139 671 214 719 dixit:
236 672 331 720 “Fides
350 675 392 718 tua
411 670 456 719 tibi
468 671 546 720 visum
565 672 632 720 (ledit
644 698 663 733 a,
676 676 703 720 ut
723 677 802 720 osten-

64 740 140 802 deret,
153 741 224 789 fidem
242 741 310 804 prins
323 739 425 787 salutem
438 745 463 787 et
474 745 559 804 postea
576 741 727 805 apertionem
748 756 802 789 000-

65 809 144 857 lorum
169 811 191 857 ei
216 810 318 857 dedisse.
346 809 634 873 Increpabant,'et
655 809 805 873 impedie-

66 880 143 926 bant
166 879 248 927 huuc
275 893 412 938 caecum,
431 894 467 926 ne
487 879 616 926 veniret
635 879 671 926 ad
695 879 802 940 lesum,

66 946 138 994 ideo
157 949 258 1011 magis
286 948 450 995 clamabat.
479 947 579 1005 Quando
602 963 685 995 caecus
703 948 805 996 interro-

68 1020 182 1079 gaverat:
202 1017 261 1075 Quis
283 1021 319 1064 cst
339 1015 398 1063 hic?
417 1017 546 1064 dixerunt:
566 1016 635 1065 Iesus
655 1018 804 1065 Nanarenns.

67 1084 187 1148 Cognovit
204 1085 254 1147 ille,
267 1101 307 1133 eos
320 1100 368 1131 non
381 1101 505 1133 examore
523 1085 571 1149 ipsi
586 1087 630 1134 hoc
649 1086 747 1148 dixisse,
761 1085 804 1133 sed

66 1154 91 1201 id
103 1154 167 1217 quod
184 1155 335 1204 inimicorum
353 1158 412 1215 erat,
430 1154 536 1217 reliquit,
550 1159 574 1201 et
592 1155 616 1202 id
635 1154 699 1218 quod
717 1154 805 1201 amiec-

66 1239 120 1271 rum
139 1229 204 1286 erat,
226 1223 363 1286 assumpsit.
385 1237 395 1260 u
406 1223 455 1270 Fili
472 1223 565 1285 David,
584 1224 700 1272 miserere
725 1223 804 1272 mein.

67 1291 107 1341 Sic
119 1292 242 1355 clamabat,
256 1292 312 1356 quia
329 1306 383 1339 eum
401 1291 563 1356 impediebant
581 1309 634 1355 eam
650 1295 679 1342 ob
700 1308 805 1354 causam,

66 1377 97 1408 ne
109 1363 259 1425 apertionem
276 1360 400 1409 oculorum
411 1361 520 1408 videntes
538 1360 630 1409 invidia
647 1364 805 1410 tabescerent.

69 1429 190 1479 Caecus
221 1430 348 1494 quidam
380 1429 512 1478 sedebat
543 1445 635 1487 00000
664 1430 748 1479 viam
775 1429 807 1477 in

67 1500 212 1547 transitu
229 1500 353 1547 viarum
372 1502 402 1545 01
420 1514 531 1545 nornen
550 1500 618 1562 ejus
637 1504 707 1547 0001
735 1498 806 1546 Βο0-

20 1585 22 1587 ·
68 1568 214 1629 timaeus,
233 1568 327 1616 filius
355 1566 483 1629 Timaei,
502 1569 677 1632 etabjecto
701 1566 805 1631 pallio

67 1638 156 1686 venit
174 1639 209 1685 ad
228 1653 294 1685 eum
307 1636 445 1700 (blancio,
462 1637 557 1697 lit-52).
576 1637 694 1685 Dominus
713 1637 805 1696 videns,

67 1707 148 1754 oculos
161 1708 211 1771 ejus
229 1707 337 1754 internos
350 1720 403 1752 0000
421 1705 578 1767 illuminatos,
593 1711 706 1754 externos
725 1709 806 1753 autem

67 1775 163 1824 omnino
176 1777 236 1824 nihil
249 1776 340 1834 videre,
352 1773 395 1821 lios
409 1773 501 1821 lucidos
514 1775 578 1836 fecit,
589 1775 659 1822 sicuti
677 1778 746 1822 erant
758 1773 803 1834 illi,

67 1845 130 1893 0101
147 1845 249 1894 visibilis
268 1848 292 1891 et
309 1843 450 1890 manifestus
469 1847 540 1905 esset,
559 1845 655 1907 quando
678 1844 756 1891 denuc
775 1843 806 1889 ad

66 1915 146 1978 ipsum
158 1929 283 1963 recurrere
296 1911 346 1961 vell
362 1916 377 1959 t.
787 1926 791 1930 ’

137 1983 202 2040 Quas
230 1987 310 2030 autem
335 1980 591 2046 intratemplum
618 1997 692 2031 oves
711 1987 741 2029 01
760 1983 805 2029 bo-

66 2067 121 2099 ves
139 2052 332 2111 vendebant,
351 2065 392 2097 000
406 2055 483 2112 00001,
497 2066 555 2114 quas
569 2052 706 2100 sacerdotes
720 2066 750 2099 ex
770 2066 807 2098 00-

71 2120 167 2168 crificiis
181 2120 329 2182 colligebant
342 2117 432 2182 (111000.
444 2121 482 2180 21,
493 2120 533 2181 12)
544 2120 560 2167 1.

141 2188 212 2238 111100
236 2187 415 2249 Pharisaei,
434 2188 487 2251 qui
505 2190 750 2251 000101110018,
773 2187 806 2249 9),

71 2259 151 2307 omnia
169 2260 249 2320 verba,
267 2273 328 2321 qirae
347 2256 448 2317 dicebat,
467 2272 526 2304 vera
544 2262 620 2320 erant,
640 2260 682 2307 sed
701 2257 807 2323 glorians

68 2327 129 2376 haec
146 2328 295 2392 loquebatur.
314 2324 461 2373 Publicanos
480 2327 580 2375 0010002
599 2333 697 2392 peccata
720 2325 807 2374 suain

68 2396 204 2445 humilitate
228 2395 370 2461 propalavit.
396 2395 443 2453 Qui
460 2400 559 2458 peccata
577 2413 621 2445 sua
642 2397 806 2456 confitebatur,

69 2465 121 2514 Deo
134 2467 211 2530 magis
224 2465 322 2530 placuit,
335 2480 407 2528 qnam
419 2464 468 2526 ille,
482 2466 523 2527 qui
533 2467 652 2529 justitiam
665 2481 732 2513 suam
750 2480 805 2512 con-

69 2534 187 2585 fitebatur.
207 2535 313 2584 Gravius
326 2534 408 2598 utique
426 2535 518 2583 bomini
531 2540 568 2584 001
583 2535 689 2584 confiteri
708 2538 807 2598 peccata

127 2674 144 2709 1.
161 2673 231 2712 Verba
248 2674 309 2724 liujus
325 2674 440 2713 sentcntiae
450 2675 534 2714 Auchor
548 2676 578 2713 sic
593 2673 700 2724 exprimit:
714 2671 806 2709 0111100-

69 2738 99 2773 ro,
119 2725 154 2774 qui
169 2726 288 2765 vendebant
300 2727 356 2764 intus
371 2726 393 2764 in
406 2728 482 2777 templo
504 2741 553 2767 oves
569 2728 589 2763 01
604 2726 681 2774 boves,
700 2737 724 2763 ca
741 2725 808 2771 00001,

70 2789 123 2828 quae
137 2777 261 2827 rolligebant
270 2779 390 2817 sacerdotes
400 2792 427 2818 ox
436 2780 480 2831 ipso
491 2779 591 2820 sacrificio
601 2800 617 2819 a.

122 2832 141 2870 2.
162 2831 194 2870 Ad
203 2832 300 2871 verbum:
309 2831 348 2871 Hie
356 2834 431 2873 autem.
