1780 3151
775 126 820 173 221

83 214 125 277 vit,
138 213 201 279 quia,
215 216 271 264 dum
284 216 387 266 charitas
399 217 424 264 in
437 217 491 265 sinu
504 215 601 281 Domini
620 229 705 263 secura
718 214 822 279 jacebat,

84 283 154 331 timor
168 286 264 350 saepius
278 286 300 333 ei
313 287 403 334 annuit.
702 319 705 326 ι

153 354 229 403 Sicuti
246 371 330 404 verum
349 360 373 402 et
396 359 488 403 certum
506 360 555 415 est,
580 354 724 415 Dominum,
746 368 820 418 quum

83 421 207 486 discipulis
227 425 276 474 suis
298 440 385 488 panem
403 424 478 486 daret,
496 421 638 487 mysterium
650 424 763 488 'eorporis
783 423 821 471 sui

83 492 117 538 eis
131 492 233 558 dedisse,
246 494 281 541 ita
293 509 387 557 quoque
407 492 553 542 credendum
568 497 612 554 est,
625 508 639 540 a
657 493 759 541 Domino
778 509 820 557 pae

81 576 144 624 uem,
157 577 199 610 suo
213 563 312 611 occisori
325 563 415 626 datum,
427 563 453 609 11
465 562 607 626 mysterium
625 561 749 610 occisionis
768 575 820 610 cor-¹

80 630 146 693 poris
159 632 196 679 sui
209 633 322 681 traditum
337 648 396 680 esse.
416 632 448 679 Et
461 631 674 693 111111111111,11
693 633 726 680 111
744 631 820 695 parti,

80 698 223 764 cipationem
241 701 360 750 indicaret
378 702 457 750 caedis
477 717 534 748 suae
552 701 623 765 plene
642 706 758 764 patratae,
771 711 820 765 quaj

81 784 167 833 corpus
189 771 307 833 sangnine
328 771 404 835 ipsius
426 771 555 819 intinctum
576 774 621 830 est„
640 771 692 818 Aut
713 770 820 817 11111111

80 838 154 887 tinxit
165 855 260 902 panem,
273 856 303 888 11
316 856 369 889 cum
381 856 443 905 pane
462 840 535 888 etiam
552 844 723 887 testamentum
743 837 819 886 daret}

77 907 181 957 Lavarit
195 909 262 973 prius
277 925 363 973 panem
377 915 401 957 et
412 914 470 958 1111
481 909 551 957 illum
570 909 592 956 ei
610 909 683 957 dedit.
699 908 818 957 Ablutum

81 980 117 1024 est
131 978 218 1026 abhoc
235 995 297 1043 pane
315 980 382 1043 prius
401 983 580 1039 testamentum,
599 979 655 1042 quia
672 993 817 1043 pernarum

79 1050 250 1096 testamentum
263 1053 421 1112 praeparatus
434 1053 491 1097 erat.
510 1048 621 1097 Auaritia
632 1048 720 1096 dudam
733 1064 747 1095 a
761 1062 818 1112 per-

79 1115 147 1164 lectis
159 1118 273 1166 membris
286 1118 383 1165 Domini
395 1122 558 1182 separaverat,
567 1120 594 1164 ut
604 1121 628 1164 et
640 1116 751 1165 Salvator
763 1116 817 1181 pla-

81 1184 132 1233 cide
151 1186 238 1249 docuit,
252 1203 306 1235 1111
323 1203 372 1235 111
390 1186 419 1234 de
437 1202 535 1251 corpore
554 1201 611 1235 suae
630 1187 754 1248 ecclesiae,
774 1186 816 1234 sed

77 1255 203 1319 pulverem
216 1272 276 1319 esse,
289 1257 330 1319 qui
348 1256 449 1320 pedibus
468 1255 640 1320 discipulorum
660 1272 757 1305 suorum
775 1255 818 1304 ad·

79 1325 163 1372 haesit.
178 1325 291 1389 Ideoque,
301 1341 348 1389 qua
359 1330 428 1372 nocte
448 1326 518 1373 illum
531 1327 559 1373 ab
571 1325 608 1373 his
622 1327 756 1389 separabat,
767 1341 818 1373 sor-

78 1393 120 1441 des
133 1394 235 1457 pedibus
248 1410 330 1442 eorum
343 1394 502 1443 adhaerentes
515 1393 598 1456 abluit,
610 1398 638 1441 ut
656 1410 699 1442 nos
712 1395 816 1453 doceret,

76 1463 173 1525 dudam,
186 1464 234 1526 qui,
247 1480 294 1527 qua
306 1463 405 1511 ultimus
419 1479 450 1511 en
462 1463 587 1511 duodecim
599 1463 733 1527 Apostolis,
746 1457 818 1526 quasi

76 1549 120 1596 pes
139 1532 245 1597 corporis
263 1533 397 1593 ridebatur,
416 1548 431 1579 a
448 1533 551 1596 pedibus
572 1532 746 1596 Apostolorum
764 1537 817 1581 tan-

60 1628 62 1631 ·
77 1618 149 1664 quam
162 1602 258 1649 sordem
270 1601 322 1664 igni
335 1601 478 1649 destinatam
491 1619 505 1650 a
518 1619 542 1650 se
556 1618 618 1665 aqua
634 1601 741 1657 ablutum
755 1617 816 1652 esse.

76 1670 168 1719 Eodem
181 1671 251 1718 modo
270 1670 387 1718 Dominus
399 1671 415 1717 J
417 1671 488 1719 udam
506 1687 550 1736 per
562 1687 647 1734 aquam
660 1687 674 1717 a
690 1670 826 1761 discipulis!

75 1741 206 1804 separavit,
216 1755 290 1802 quum
303 1755 389 1803 panem
407 1755 470 1802 aqua
487 1740 614 1789 intinctum
633 1739 655 1786 ei
668 1740 744 1802 daret,
757 1740 814 1803 quia

74 1824 122 1858 1111
136 1813 188 1857 1111
200 1809 287 1872 dignus
300 1809 366 1857 illius
378 1810 455 1873 panis,
468 1810 509 1873 qui
521 1826 570 1857 una
582 1826 634 1857 cum
650 1809 706 1857 rino
723 1808 827 1868 duode-sssg

74 1878 120 1926 cim
141 1878 267 1942 Apostolis
289 1878 398 1927 dabatur.
419 1879 475 1926 Non
494 1879 558 1927 eninr
576 1880 671 1940 licebat,
684 1882 711 1925 ut
729 1878 750 1926 is
772 1880 827 1943 qui

74 1963 129 1995 1111
142 1948 253 1996 tradebat
265 1947 290 1994 in
302 1951 411 2010 mortem,
424 1963 468 2011 per
477 1965 564 2012 panem
576 1948 696 2012 acciperet
709 1963 763 1996 eum
773 1949 814 2012 qui

75 2017 153 2066 salvat
166 2032 179 2063 a
192 2015 276 2063 morte¹

149 2086 189 2134 En
200 2085 379 2148 111111111111111,
391 2102 437 2148 quo
447 2085 571 2150 discipulis
582 2088 631 2135 suis
644 2102 731 2150 corpus
743 2103 813 2135 suum

73 2154 153 2218 fregit,
170 2159 194 2202 et
215 2170 301 2218 corpus
323 2170 391 2202 suum
413 2155 538 2218 Apostolis
561 2156 633 2217 dedit,
654 2160 813 2205 numerantur

74 2228 123 2272 tres
134 2225 185 2274 dies
199 2224 257 2287 ejus,
268 2224 354 2287 quibus
369 2240 422 2271 eum
433 2225 535 2272 mortuis
550 2228 739 2289 computabatur,
749 2229 776 2272 ut
788 2229 813 2272 et

73 2294 160 2354 Adam,
171 2294 219 2357 qui,
228 2298 355 2357 postquam
366 2294 395 2341 de
408 2292 451 2340 1111
460 2295 544 2342 arbore
558 2295 668 2357 comedit,
678 2294 760 2342 multis
770 2310 813 2342 an-

73 2362 111 2411 nis
129 2363 201 2424 vixit„
221 2362 329 2426 quamvis
348 2367 446 2427 propter
467 2364 574 2411 mandati
595 2364 813 2426 transgressionem

73 2434 174 2481 mortuis
193 2436 399 2495 annumeraretur,
419 2432 475 2496 qnia
492 2433 559 2482 Deus
580 2433 615 2481 ita
633 2433 709 2481 elisit:
730 2447 740 2469 ⁶<
758 2433 813 2490 Quo

73 2502 112 2549 die
135 2502 275 2563 comederis,
293 2502 424 2552 morieris„
438 2501 463 2565 ¹3
485 2507 509 2550 et
531 2508 557 2551 ut
578 2503 654 2551 illud:
669 2516 678 2539 1
692 2499 812 2559 Quadrin-

73 2571 153 2634 gentis
167 2571 236 2620 annis
250 2572 281 2620 sit
294 2587 375 2619 semen
395 2577 462 2620 tuum
481 2571 506 2619 11
518 2573 631 2637 Aegypto
643 2597 653 2620 a
664 2570 690 2639 23
708 2587 765 2618 nam
780 2587 812 2619 eu

73 2640 116 2689 illo
130 2641 175 2703 die,
186 2657 233 2704 quo
244 2642 291 2690 hoc
303 2643 403 2691 verbum
416 2642 547 2707 dicebatur,
560 2642 617 2691 anni
628 2641 669 2689 isti
681 2641 813 2705 caniputati
868 2702 869 2706 Ἰ

126 2808 144 2844 1.
160 2806 239 2854 (1112,
251 2808 282 2845 15.

124 2860 142 2896 2.
158 2860 208 2898 aar.
220 2861 251 2910 15,
263 2863 293 2898 13.
