1780 3151
745 154 774 202 23

37 247 173 296 dimitteret.
186 245 212 294 Si
223 243 286 292 enirn
299 241 456 303 cognovisset,
470 238 648 304 conceptionem
661 236 712 302 ejus
725 252 774 286 000

37 336 52 366 a
63 317 154 384 Spiritu
166 315 252 366 Sancto
266 325 326 372 esse,
340 325 392 358 eam
405 326 453 359 non
465 309 591 358 traducere
604 306 669 359 hausi
679 307 774 372 justum

37 389 128 437 luisset.

106 459 221 506 Attamen
237 454 299 501 bene
318 450 403 511 sciens,
421 449 466 496 hcc
484 463 544 512 0000
562 448 616 511 Dei,
636 448 681 496 etsi
703 448 729 496 in
747 465 772 498 se

38 526 154 587 mirabile,
165 523 219 572 aliis
228 526 308 570 tamen
318 536 371 568 esse
383 518 531 579 incredibile,
544 522 624 565 mente
634 518 773 582 0000100011-

38 597 108 657 cavit,
118 596 212 660 justum
225 608 286 655 esse,
305 595 332 638 nt
345 605 398 638 eam
411 588 552 636 dimitteret.
572 588 667 635 Rursus
682 590 772 652 cogita-

38 667 101 727 0111,
120 665 173 714 fieri
191 679 271 729 posse,
290 665 317 708 ut
336 663 431 708 tautum
450 666 510 723 opus
524 658 659 706 ullomodo
678 660 773 708 macula
844 692 845 695 =

39 736 183 798 afficeretur,
197 734 218 782 si
230 731 333 781 inuicem
347 729 520 778 cohabitarent.
534 728 567 776 Et
579 729 678 777 uberius
692 745 773 778 secum

39 806 176 855 deliberans
190 803 265 852 dixit:
275 802 348 850 Hand
359 801 416 860 scic,
430 815 461 848 an
470 798 530 848 mihi
542 798 637 846 nullum
646 805 773 864 peecatum

38 877 138 939 oriatur,
158 876 179 924 si
191 879 261 938 pater
274 872 383 937 appeller
396 869 473 918 diuini
485 868 546 917 nati.
565 869 598 917 nt
612 869 693 918 timuit
705 870 774 920 habi-

40 951 92 995 tare
108 962 162 994 cunr
184 961 219 1007 ea,
239 944 334 992 dicens:
353 942 391 989 Ne
409 941 471 989 forte
491 939 668 988 dehonestem2
683 957 771 989 nomen

39 1016 149 1080 uirginis.
162 1016 297 1079 Propterea
310 1011 372 1060 [lixit
379 1010 401 1059 ei
408 1011 524 1074 angelus:
537 1010 580 1058 Ne
594 1010 716 1074 timeas,
729 1027 773 1059 ac-

40 1087 149 1151 cipere
168 1084 307 1133 Mariam.
326 1081 486 1145 Prosequitur
499 1080 639 1145 Scriptura:
656 1080 772 1130 Sancte

39 1156 210 1205 habitabat
234 1170 299 1202 cum
317 1169 352 1201 ea
369 1150 452 1200 0105.
477 1150 589 1213 ntideo,
614 1156 641 1199 nt
661 1152 773 1200 nonnulli

40 1226 130 1288 dicunt,
158 1225 299 1273 Zachariam
323 1222 470 1284 occiderunt,
494 1220 551 1286 quia
568 1220 671 1270 Mariam
690 1223 721 1270 ad
738 1222 773 1271 la-

40 1302 79 1344 tus
105 1295 191 1360 templi
215 1292 403 1354 conservabat,
428 1307 484 1339 nam
507 1291 617 1354 uirgines
637 1292 718 1340 illae5
742 1293 773 1341 ad

40 1382 112 1414 unam
125 1371 220 1430 partem
233 1363 318 1427 templi
330 1363 548 1425 congregabantur.
562 1362 614 1410 Alii
626 1363 716 1426 dicunt,
729 1362 773 1411 Za-

40 1435 154 1496 chariam,
172 1450 246 1498 quum
265 1433 291 1481 in
309 1431 381 1480 eaecle
399 1431 528 1479 infantium
541 1432 592 1495 ejus
605 1432 669 1481 filius
688 1434 718 1481 ab
728 1432 773 1481 006

41 1506 189 1569 erigeretur,
208 1504 265 1568 quia
276 1503 346 1551 illurn
358 1502 498 1566 perfugam
515 1502 541 1549 in
554 1503 677 1550 desertum
690 1519 773 1553 serva-

39 1579 116 1637 verat,
129 1575 235 1623 occisum
248 1589 301 1621 esse
314 1577 369 1620 ante
383 1572 468 1633 altare,
482 1571 544 1620 sieut
553 1572 671 1621 Dominus
685 1573 772 1622 dixit7.

39 1644 141 1707 Dantur,
169 1644 196 1692 ui
209 1643 289 1691 [licere
305 1642 417 1704 audeant,
436 1641 540 1690 Mariam
552 1647 608 1706 post
619 1643 773 1692 nativitatem

40 1714 172 1764 Saluatcris
190 1729 291 1761 uxorem
309 1712 408 1775 loseplri
425 1711 507 1760 fuisse.
526 1711 562 1759 nt
579 1713 697 1776 qrrenredo
718 1714 772 1761 fieri

40 1784 126 1848 potuit,
145 1788 172 1831 nt
185 1799 286 1847 eaquae
300 1782 384 1830 [lomus
398 1781 445 1829 fuit
457 1786 481 1829 et
493 1781 610 1831 habitatio
622 1783 736 1848 Spiritus,
749 1788 773 1832 et

39 1855 78 1902 eni
91 1854 173 1903 diuina
187 1853 266 1902 uirtus
285 1851 444 1914 obumbravit,
463 1857 549 1916 postea
562 1854 650 1918 conjux
662 1854 772 1903 mortalis

38 1924 141 1973 hominis
151 1924 221 1972 fieret
234 1922 295 1970 etin
308 1922 430 1971 doloribus
440 1923 514 1986 juxta
527 1922 711 1973 similituninem
723 1925 773 1989 pri-

38 2011 92 2043 mae
104 1993 281 2043 maledictionis
296 1992 414 2058 pareret?
433 1992 514 2051 Quum
527 1992 591 2042 enim
603 1994 683 2043 Maria
700 1996 773 2043 bene-

39 2064 104 2113 dicta
117 2068 154 2114 est
167 2064 192 2113 in
204 2063 354 2126 mulieribus,
368 2079 411 2127 per
421 2078 474 2111 eam
484 2063 564 2111 solnta
577 2068 634 2113 sunt
642 2064 773 2113 maledieta

91 2232 110 2269 1.
123 2230 156 2269 Ad
165 2229 265 2270 verbum:
277 2240 286 2259 e
295 2230 361 2268 Juxta
370 2230 460 2269 mentem
470 2231 515 2280 ejus
525 2250 533 2271 a
546 2243 574 2270 sc.
585 2234 636 2270 erat.

90 2285 110 2322 2.
124 2282 265 2322 adverbum:
278 2292 286 2313 u
294 2283 382 2321 Perdam
390 2294 427 2320 seu
437 2295 567 2334 corrumpam
574 2295 650 2324 nomen
662 2286 747 2335 uirginis
754 2307 771 2329 e.

30 2377 32 2379 ,
91 2337 110 2374 3.
124 2337 231 2375 Sententia
240 2337 292 2375 haee
302 2335 373 2387 aperte
383 2336 463 2374 intrusa
473 2339 511 2375 est.
521 2336 546 2374 In
557 2338 603 2376 ced.
613 2338 629 2376 B
643 2339 773 2379 (100001000-

38 2391 74 2428 ba:
85 2389 176 2428 tDieens
185 2404 190 2429 z
198 2390 229 2428 Ne
239 2389 328 2429 fortasse
339 2390 371 2427 etc
380 2410 398 2431 u·
408 2401 473 2440 usque
485 2388 611 2430 thabitabat
621 2404 666 2431 euro
677 2405 702 2431 ea
711 2395 744 2432 ete
752 2413 771 2434 η.

39 2441 151 2493 Sequentia
165 2455 253 2494 qnoque,
268 2454 321 2493 quae
336 2443 361 2481 de
375 2445 442 2482 morte
458 2442 571 2483 Zachariae
585 2446 702 2496 narrantur,
716 2445 772 2485 haud

39 2497 97 2533 recte
106 2495 145 2535 hoc
155 2496 201 2535 loco
211 2496 280 2548 posita
287 2495 389 2535 videntur.

91 2548 110 2585 4.
124 2549 209 2588 Ancher
219 2548 294 2588 vertit:
307 2548 359 2593 Quia
370 2548 456 2589 Mariam
469 2550 524 2589 iuter
538 2549 627 2600 virgines
641 2550 738 2590 habebat.
748 2552 773 2590 In

39 2600 162 2640 Armeniaeo
172 2602 226 2642 idem
233 2601 358 2642 vocabulum
365 2603 419 2641 latus
429 2605 450 2643 et
458 2603 559 2654 uirginem
567 2603 676 2654 signifieat.
683 2604 774 2644 (lenten-

40 2654 73 2692 tus
83 2665 141 2692 meae
152 2656 245 2695 versioni
253 2656 317 2695 favet.

92 2706 111 2744 5.
128 2716 136 2737 t
145 2707 214 2751 Illae„
232 2721 259 2748 ex
274 2708 345 2748 coen
359 2708 450 2748 additum
465 2712 504 2748 est.
518 2709 613 2760 Intellige
626 2709 715 2760 virgines
724 2711 770 2751 Dec

41 2771 119 2799 sacras.

94 2814 112 2851 6.
126 2812 159 2851 An
174 2813 272 2852 verbum:
288 2815 330 2853 0Ιο
339 2826 401 2854 manu
412 2817 457 2866 ejus
466 2837 483 2858 0,
497 2816 522 2855 In
535 2815 619 2867 Syriaco
631 2829 712 2869 quoque
722 2817 770 2856 diei-

40 2867 86 2906 tur:
96 2866 211 2916 Exquirere
221 2866 242 2904 in
251 2880 319 2918 manu,
329 2881 365 2920 pro
374 2882 379 2908 ι
389 2880 401 2908 e
410 2881 477 2909 manu.

97 2921 114 2959 7.
129 2920 195 2959 Itlnnn.
205 2921 237 2971 23,
247 2921 278 2959 35.
