1780 3151
105 141 136 189 84

100 232 142 296 jus
153 230 254 278 feminae
267 246 328 279 ullus
342 230 448 279 medicus
461 230 571 280 obviavit.
590 229 651 290 Quia
662 230 749 296 plagae
762 232 834 297 hujus

104 301 205 350 feminae
215 301 286 349 multi
296 304 449 350 occurrerant
459 305 482 354 et
493 316 545 349 eam
554 300 615 350 male
628 305 766 366 tractarant,
778 302 833 350 ideo

104 372 127 420 ci
139 387 200 419 unus
213 371 323 435 occurrit,
341 376 368 419 ut
386 388 400 419 a
418 370 528 420 molestia
545 371 674 421 multorum
692 372 797 436 quietem
810 372 833 420 ei

103 445 201 506 pararet
212 441 228 489 ⁴.
242 442 290 490 Ars
303 442 404 490 sanandi
413 440 482 489 foedo
491 443 572 490 morbo
586 441 689 491 occurrit
699 446 723 490 et
736 442 832 490 dolores

102 511 224 560 doloribus
236 509 334 560 addidit.
346 512 397 570 Quo
408 510 490 575 plures
500 511 635 573 ueniebant,
648 512 689 576 ait,
701 516 768 560 tanto
780 529 831 560 ma-

103 582 141 646 gis
154 583 249 631 morbus
268 582 430 630 invalescebat
439 581 457 629 ⁶2.
476 582 582 630 Fimbria
595 587 674 630 autem
692 582 832 631 vestimenti

101 652 204 700 occurrit
215 652 345 713 doloribus,
359 655 383 699 ct
395 652 489 700 dolores
499 652 613 700 radicitus
626 651 720 702 evulsit.
734 652 773 700 Et
786 668 830 701 co-

102 721 216 786 gnovit
233 721 491 786 inseipsa,quod
511 727 622 771 sanata
641 727 830 771 essetacru-

104 791 245 840 ciatibus
264 792 330 841 suis
344 791 431 857 (lilino.
446 794 467 855 5,
480 791 528 854 29).

171 861 250 920 Quum
262 863 337 926 igitur
350 877 397 924 ars,
413 877 473 925 quae
486 877 579 909 onmem
592 862 733 926 sapientiam
745 861 831 910 indue-r

100 937 146 995 rat,
165 932 271 981 siluisset
283 937 307 980 et
320 937 445 993 cessasset,
464 937 521 978 tunc
539 931 651 980 diuinitas
669 932 778 982 restibus
793 933 829 980 in-

102 1004 161 1050 duta
172 1001 363 1067 praedicabatur.
373 1001 455 1050 Induit
467 1017 562 1049 carnem
575 1006 599 1050 et
611 1002 735 1050 descendit
747 1001 778 1049 ad
787 1002 828 1051 ho-

99 1073 184 1135 mines,
202 1076 235 1133 ut,
254 1088 315 1135 quac
332 1073 437 1120 humana
455 1076 518 1134 sunt,
535 1072 670 1121 hominibus
688 1071 793 1135 eriperet
805 1076 829 1119 et

99 1146 261 1206 extorqueret,
279 1142 384 1190 diuinam
397 1145 477 1189 autem
496 1157 563 1189 suam
582 1146 749 1205 naturam‘per
759 1142 829 1205 signa

98 1211 225 1261 fidelibus5
236 1212 298 1260 clare
309 1211 453 1259 ostenderet.
463 1210 521 1259 Noli
531 1211 561 1258 ad
571 1211 645 1259 solam
654 1211 828 1261 humanitatem

100 1282 197 1330 Domini
221 1282 347 1345 respicere.
367 1280 477 1330 Ostendit
496 1280 677 1344 humanitatem,
695 1285 723 1328 ut
747 1281 829 1345 superi

98 1353 230 1414 crederent,
250 1368 303 1399 enm
322 1367 374 1399 esse
392 1349 536 1413 inferiorem,
556 1356 580 1398 et
592 1351 697 1399 ostendit
716 1351 828 1399 diuinita-

99 1426 179 1483 tatem,
198 1426 225 1469 ut
243 1422 369 1470 crederent
385 1420 518 1483 inferiores,
538 1437 591 1468 eum
604 1437 656 1470 esse
669 1422 826 1485 superiorem.

100 1491 204 1540 Carnem
223 1492 252 1539 ab
271 1491 408 1539 hominibus
432 1490 568 1553 assumpsit
592 1496 618 1538 ut
641 1491 777 1539 humanitas
797 1491 827 1539 ad

99 1578 166 1609 suam
191 1561 339 1610 diuinitatem
363 1559 489 1624 pervenire
516 1564 605 1623 posset,
630 1566 653 1608 et
677 1561 827 1609 divinitatem

98 1632 209 1693 ostendit,
223 1647 253 1678 ne
266 1632 317 1694 ejus
329 1629 465 1679 humanitas
478 1634 676 1679 contemneretur.

168 1701 255 1749 Manus
267 1700 374 1748 mulieris
386 1699 525 1764 peccatricis
542 1701 615 1764 pedes
629 1701 679 1764 ejus
699 1700 825 1765 amplexae

98 1775 160 1832 sunt,
173 1776 200 1819 ut
211 1770 302 1835 gratiae
313 1771 375 1818 dona
384 1785 398 1817 a
407 1768 531 1817 divinitate
544 1770 594 1833 ejus
607 1771 732 1834 acciperet.
744 1770 827 1817 Domi-

99 1858 145 1889 nus
154 1841 228 1904 igitur
238 1839 342 1888 ostendit
351 1856 418 1887 suam
425 1839 604 1900 humanitatem,
613 1844 640 1887 ut
649 1839 735 1888 mulier
744 1855 827 1903 pecca-

98 1910 148 1958 trix
155 1912 184 1958 ad
192 1926 246 1958 eum
255 1910 367 1956 accedere
374 1912 463 1973 posset,
469 1908 573 1972 itemque
580 1909 684 1957 ostendit
691 1926 758 1957 snam
767 1909 827 1958 (liri-

98 1980 206 2041 nitatem,
219 1996 266 2043 qua
278 1978 435 2027 Plrarisaeurn
449 1982 567 2040 argueret.
581 1978 627 2036 Qui
639 1979 778 2042 peccatricis
791 1978 826 2026 la-

97 2050 185 2113 crymis
198 2049 313 2109 irriserat,
333 2049 384 2112 ejus
403 2047 529 2095 denudatis
542 2047 723 2111 cogitationibus
738 2049 826 2097 mulier

96 2121 218 2184 peccatrix
230 2119 313 2168 irrisit.
327 2118 389 2176 Quia
400 2116 443 2165 illa
455 2132 573 2165 examore
587 2117 712 2181 lacrymas,
727 2136 787 2183 quae
800 2120 825 2167 in

96 2190 171 2237 oculis
183 2190 297 2252 latebant,
309 2188 390 2253 palam
400 2187 523 2250 effuderat,
535 2188 651 2237 Dominus
665 2205 758 2253 quoqne
770 2206 825 2254 pro-

95 2263 149 2324 pter
160 2260 246 2307 fortem
262 2259 312 2322 ejus
325 2259 431 2306 animum
443 2257 545 2305 latentes
557 2257 682 2306 Pharisaei
701 2259 824 2322 cogitatio-

94 2346 137 2379 nes
150 2328 257 2394 protulit.
277 2328 365 2377 Mulier
384 2327 447 2375 enim
465 2327 586 2391 peccatrix
604 2327 727 2376 Christum
745 2328 823 2378 Deum

93 2400 184 2462 habuit,
195 2404 222 2447 ut
228 2398 287 2447 fides
299 2399 349 2461 ejus
360 2400 492 2444 contestata
501 2401 547 2459 est3
557 2396 677 2446 Simonem
686 2415 743 2448 vero
755 2398 824 2448 Chri-

94 2474 157 2518 stum
169 2469 290 2519 hominem
302 2471 409 2532 putasse,
422 2466 534 2528 cogitatio
548 2467 598 2530 ejus
611 2469 721 2517 ostendit.
741 2469 822 2518 Domi-

58 2557 63 2560 ·
92 2555 137 2588 nus
150 2540 224 2603 igitur
237 2539 300 2587 inter
312 2541 440 2600 utrumque
455 2551 479 2583 se
493 2536 579 2585 sistens
592 2538 729 2601 parabolam
741 2544 822 2602 protu-

92 2608 128 2672 lit,
141 2612 207 2675 cujus
220 2609 300 2659 verbis
314 2606 471 2673 peccatricem
483 2606 633 2668 confortaret,
650 2625 767 2673 quamque
781 2626 822 2658 ex-

146 2798 163 2833 1.
177 2796 236 2834 Hanc
247 2797 268 2835 et
282 2798 403 2847 sequentem
418 2794 540 2832 sententiam
552 2806 579 2832 er
589 2794 658 2833 codice
672 2796 688 2834 B
706 2795 821 2834 emendavi.

145 2850 164 2886 2.
178 2849 260 2898 Nescio,
271 2850 324 2888 unde
335 2851 386 2888 haec
395 2845 460 2886 verba
470 2847 550 2897 sumpta
561 2847 607 2885 sint.

144 2904 163 2941 3.
177 2903 209 2943 Ad
219 2905 303 2944 verbum
316 2914 324 2934 u
334 2902 405 2952 fidem,
416 2901 439 2938 ut
448 2899 508 2950 pauo
518 2901 618 2952 superius.
