1780 3151
115 159 162 207 214

116 249 141 293 et
151 261 195 309 per
214 245 320 297 Pilatum
339 249 403 298 intra
416 249 532 315 templum
551 249 714 299 oossooandum
733 255 856 300 ourarunt,

116 314 175 372 Qui
194 332 290 380 super
309 322 397 367 teota
415 324 480 368 stat
499 324 556 383 eto,
574 336 623 368 uon
642 319 704 367 enim
727 320 855 372 salvabun-

114 387 162 446 tur,
174 390 201 433 ut
212 386 260 435 aiio
273 392 389 454 tempore,
402 389 458 454 quia
473 390 502 439 de
521 390 555 438 eis
575 388 760 439 sollieitudinem
778 394 802 439 et
814 405 855 437 ou-

114 468 167 500 ram
179 454 262 504 Deus¹
277 459 442 508 nonhabebit.
454 461 519 509 Vae
538 459 796 524 praegnantibus
810 463 853 506 eto.

115 521 153 569 De
171 523 201 572 iis
219 525 334 592 loquitur,
353 545 414 593 quae
433 529 458 579 in
476 530 598 579 obsidione
624 527 828 593 lerosolymorum
840 544 855 575 a

114 591 231 643 Romanis
244 599 365 647 oruciatae
378 603 441 648 sunt.
453 600 524 648 Erit
543 613 641 663 angor
654 597 771 661 populo
788 597 853 660 isti,

114 660 182 725 adeo,
192 668 219 712 ut
232 666 304 715 etiam
316 668 430 718 mulieres
442 669 504 718 filios
520 684 575 717 suos
589 667 749 715 comederent.

186 733 283 785 Orate
303 742 333 786 et
351 739 463 802 petite,
482 754 517 786 ne
537 739 581 786 sit
598 737 673 801 fuga
691 740 803 784 vestra
821 736 853 783 in

103 800 225 865 hieme,
245 821 301 854 neo
319 808 350 855 in
369 808 419 856 die
438 805 853 871 sabbati,videlieetneinoap-

114 869 235 921 tivitatem
254 876 470 942 abdueamini,quo
489 882 597 941 tempore
609 891 658 924 non
675 874 732 924 lieet
750 876 855 939 operari,

114 939 151 988 Ut
169 941 246 993 hiems
266 945 317 993 sine
335 947 451 996 fructibus
470 951 520 1009 est,
540 951 564 994 et
582 946 707 994 sabbatum
726 944 777 992 sine
795 955 852 1010 ope-

113 1009 219 1073 ratione,
238 1014 272 1061 ita
291 1020 387 1078 cavete,
405 1030 435 1064 ne
453 1032 496 1064 vos
515 1013 677 1077 abduoamini,
696 1013 790 1077 quando
808 1030 853 1062 neo

113 1077 219 1127 fruotum
236 1082 364 1147 habebitis,
382 1101 426 1133 neo
444 1085 616 1150 operationem„
636 1098 646 1122 u
658 1083 688 1131 in
705 1083 792 1145 hieme,
810 1084 852 1147 ait,

112 1151 137 1195 et
155 1146 254 1199 sabbato
267 1179 286 1214 s,
302 1170 403 1218 quorum
422 1171 496 1203 unum
515 1159 552 1202 est
570 1152 729 1215 nenessitatis,
748 1152 851 1201 alterum

111 1216 256 1284 voluntatis,
275 1222 352 1272 hiems
378 1224 536 1286 necessitatis,
557 1224 684 1272 sabbatum
711 1222 849 1271 voluntatis.

111 1285 160 1335 Sed
172 1303 250 1353 neque
265 1291 367 1341 aliorum
379 1293 477 1356 ooaotio,
489 1309 567 1357 neque
585 1292 685 1357 propria
696 1291 807 1340 voluntas
819 1290 850 1340 ab

110 1371 184 1419 opere
197 1357 296 1409 Domini
314 1361 361 1410 Dei
372 1362 448 1412 vestri
459 1379 502 1412 vos
515 1365 631 1412 amoveat.
650 1361 727 1410 Porro
743 1376 787 1425 per
799 1361 850 1409 hie·-

111 1440 176 1474 mem
204 1432 228 1475 et
249 1431 374 1480 sabbatum
402 1432 524 1494 indioavit,
549 1431 613 1480 mala
639 1431 673 1479 eis
692 1430 790 1478 instare.
817 1430 850 1479 Et

111 1499 242 1560 postquam.
258 1499 292 1547 eis
317 1500 378 1548 iram
396 1517 464 1550 suam
481 1501 624 1549 monstravit
642 1505 713 1565 atque
738 1499 849 1560 ostendit,

109 1565 173 1626 quod
183 1565 243 1615 haeo
251 1569 318 1633 juste
331 1585 403 1634 super
417 1586 457 1618 eos
467 1570 572 1632 venient,
581 1570 661 1618 statim
672 1585 703 1617 ex
714 1568 848 1617 misericor-

109 1632 150 1680 dia
163 1634 241 1683 denuo
255 1653 294 1685 eos
314 1638 401 1701 docuit,
413 1644 441 1688 ut
454 1639 556 1688 orationi
568 1643 688 1701 vaoarent,
702 1654 750 1686 non
761 1641 788 1685 ut
807 1638 848 1685 de-

107 1706 187 1751 oretae
207 1722 294 1768 graves
312 1723 404 1772 poenae
423 1709 457 1757 eis
475 1709 594 1757 instantes
613 1711 787 1769 averterentur,
804 1708 847 1755 sed

108 1775 136 1819 ut
148 1776 243 1838 tempus
256 1780 280 1823 et
295 1776 346 1825 dies
359 1777 502 1827 calamitatis
517 1794 618 1842 magnae
632 1778 667 1827 eis
685 1777 847 1841 impendentis

106 1846 247 1893 mutaretur.
267 1845 384 1895 Dominus
398 1848 461 1895 enim
474 1864 504 1895 ex
522 1847 677 1895 miseratione
689 1846 715 1893 in
734 1861 776 1893 suo
796 1862 846 1906 ser-

106 1926 177 1959 mone
197 1918 326 1978 utrumque
346 1917 483 1980 conjunxit,
502 1916 620 1979 primum,
638 1915 702 1979 quod
719 1915 844 1978 angustiae

107 1985 173 2028 oerte
192 1984 297 2045 venient,
310 2000 399 2048 vosque
412 1985 518 2049 fugietis,
532 1989 560 2033 ut
577 1984 782 2049 praedestinatum
801 1989 846 2047 est,

108 2052 133 2095 et
144 2050 256 2115 aiterum,
269 2057 296 2100 ut
309 2058 384 2115 orent,
397 2070 427 2103 ne
440 2054 465 2102 hi
478 2071 547 2103 rasus
566 2055 648 2103 tristes
667 2058 708 2103 aut
721 2053 747 2101 iu
764 2053 843 2101 hieme

106 2134 149 2166 vos
167 2121 291 2184 invadant,
304 2139 351 2186 qua
363 2123 451 2173 salvari
465 2129 489 2172 et
501 2125 544 2172 has
557 2124 682 2187 angustias
700 2123 783 2187 fugere
802 2139 853 2181 neg

104 2191 207 2251 queatis,
229 2196 270 2239 aut
283 2192 308 2239 in
321 2193 427 2257 sabbato,
440 2209 469 2242 ne
488 2194 512 2241 in
525 2194 605 2257 quiete
618 2198 699 2243 vestra
717 2192 843 2255 angustiae

104 2256 130 2305 in
143 2276 185 2308 vos
198 2260 299 2309 irruant.

175 2328 265 2378 Curam
276 2330 304 2377 de
314 2331 409 2394 iegibus
421 2338 541 2397 tamquam
551 2331 615 2379 filius
628 2331 690 2396 legis
699 2331 843 2379 monstravit

103 2402 128 2444 ot
140 2399 268 2462 ordinavit,
279 2404 305 2446 ut
317 2400 357 2448 lex
371 2400 463 2467 Moysis
473 2418 520 2449 non
530 2396 672 2450 solveretur.
685 2401 723 2449 Ne
733 2400 840 2462 forsitan,

102 2466 143 2529 ait,
157 2469 177 2516 si
190 2468 330 2517 innoeentes
344 2474 367 2517 et
380 2471 501 2535 simplioes
513 2471 539 2519 in
551 2470 619 2519 vobis
631 2469 792 2532 inveniantur,
806 2469 840 2517 ita

101 2537 227 2586 sabbatum
247 2543 355 2601 tempore
373 2540 431 2588 belli
443 2542 580 2602 observent,
594 2539 663 2588 siouti
676 2544 771 2604 paetum
790 2540 840 2587 foe-

99 2605 165 2655 deris
183 2608 312 2657 observare
332 2608 431 2671 debetis,
444 2626 504 2660 neve
517 2625 560 2659 vos
578 2609 693 2673 oooidaut,
709 2608 778 2658 siouti
797 2618 838 2657 eos

100 2675 141 2738 qui
160 2676 239 2725 initio
252 2676 342 2726 antro2
355 2678 426 2726 oooisi
444 2684 506 2727 sunt.
525 2679 635 2727 Rursus:
651 2695 660 2718 e
673 2679 703 2729 in
721 2679 798 2728 hieme
813 2683 837 2726 et

153 2849 169 2884 1.
185 2844 305 2895 Subjootum
315 2847 354 2886 hoe
365 2847 459 2899 supplevi
469 2859 495 2887 ox
506 2833 621 2889 contentu.⁴

150 2900 168 2937 2.
183 2899 193 2936 Ι
205 2899 283 2938 Macen.
295 2900 314 2948 2,
325 2901 393 2940 :ar-38.
