1780 3151
759 109 806 155 223

67 196 199 260 Apostolus
221 199 250 247 de
271 200 374 259 Domino
397 200 498 266 loquens
519 202 644 249 testatur:
667 213 676 236 1
689 197 745 263 Ipse
767 203 806 246 est

67 265 145 330 imago
157 267 247 318 formae
260 268 306 319 Dei
319 270 448 320 invisibilis
460 298 470 322 a
482 275 525 319 eto.
538 269 553 318 ¹.
705 318 708 323 ,

136 335 194 395 Qui
213 340 320 388 eredit
337 341 368 388 in
394 357 447 401 me,
466 356 569 404 opera,
588 355 666 402 quae
686 354 745 401 ego
762 337 803 386 fa-

66 404 120 467 oio,
139 410 169 453 et
186 408 255 472 ipse
273 409 380 457 faoiet.
399 409 448 458 Ubi
461 425 518 472 ergo
532 408 656 456 estillud:
672 408 751 456 “Non
765 411 804 456 est
828 431 830 435 >

64 474 140 538 major
158 475 291 543 disoipulus
312 477 468 542 magistrat?
489 477 537 526 Sed
557 493 620 540 eoae,
632 477 731 540 Moyses
751 481 803 525 tros

63 546 157 592 tantum
169 562 241 610 roges
261 548 388 613 interiecit,
397 547 476 596 dosue
488 551 569 594 autem
581 547 696 610 triginta,
709 550 734 594 et
750 546 803 609 ille,

63 611 120 661 lieet
132 617 236 680 supplex
247 622 353 680 rogaret,
366 618 493 666 interram
506 616 649 681 promissam
662 631 710 664 non
725 616 801 665 intra·

62 682 104 746 vit,
121 685 195 733 Josue
216 690 296 734 autem
317 687 417 736 intravit
429 690 454 734 et
473 685 647 734 haereditatem
670 685 800 735 distribuit.

63 750 161 802 Samuel
174 755 249 818 major
263 759 315 804 erat
326 757 438 806 omnibus
450 755 502 804 suis
513 756 615 803 coaevis.
627 754 739 803 Elisaeus
759 755 802 802 du-

61 822 128 885 plum
150 825 261 887 magistri
283 825 320 873 sui
331 831 387 890 post
398 841 524 874 ascensum
547 824 597 888 ejus
617 823 715 888 aooepit,
727 823 802 887 idque

60 891 280 942 in'similitudinem
292 894 389 944 Domini
402 894 534 945 salvatoris
546 894 631 956 nostri,
648 894 716 957 eujus
728 892 801 941 disei-

59 959 110 1024 puli
123 978 167 1026 per
180 963 250 1026 signa
263 980 307 1012 sua
320 964 393 1029 dupio
405 964 482 1028 majus
495 964 587 1028 operati
599 967 663 1012 sunt.
725 1014 727 1016 ,

129 1031 159 1080 ln
172 1032 281 1082 omnibus
295 1033 431 1083 hominibus
444 1050 511 1082 snam
524 1037 618 1098 partem
632 1032 736 1081 habebat
753 1030 800 1081 ini-

58 1099 146 1164 mious3
159 1106 252 1150 tantum
260 1100 285 1151 in
294 1102 398 1151 Domino
410 1119 458 1150 non
470 1103 560 1165 habuit,
568 1102 609 1167 qui
622 1101 695 1150 dixit:
706 1101 799 1166 Apud

12 1200 14 1213 .
58 1170 798 1237 menoninvenitquidquamsuum,etegovioi

57 1240 207 1288 mundum.
227 1242 275 1290 Sed
288 1241 351 1289 dono
365 1239 459 1305 judieii,
476 1241 539 1305 qnod
561 1241 652 1305 aooepit
670 1240 798 1302 Dominus,

59 1305 172 1373 discipuli
184 1326 278 1374 quoque
291 1311 443 1375 partieipant.
455 1310 525 1359 Dixit
537 1311 610 1372 onim,
621 1309 678 1357 illos
695 1324 748 1357 esse
757 1311 798 1374 ju-

58 1376 177 1428 dioaturos
188 1378 246 1442 5,ut
259 1380 403 1440 ostenderet,
422 1396 471 1427 non
489 1380 566 1428 solum
580 1379 660 1427 Deum
671 1378 759 1427 vicisse
773 1382 799 1427 ot

53 1446 171 1510 judicare,
182 1448 224 1496 sed
238 1452 261 1496 et
273 1449 383 1496 homines
392 1449 479 1498 vioisse
492 1453 516 1496 et
525 1449 634 1513 judicare
647 1463 695 1511 eos,
709 1447 757 1512 qni,
769 1452 799 1496 ut

2 1541 6 1549 ·
55 1515 100 1578 illi,
113 1517 209 1565 vinoere
221 1517 363 1582 potuissent,
377 1519 419 1566 sed
432 1523 600 1567 recesserunt:
616 1517 689 1566 Viri
702 1516 713 1581 j
721 1517 797 1580 usti,

58 1585 306 1650 ait,judioabunt
324 1587 407 1636 eost.

126 1655 185 1713 Qui
209 1671 269 1704 non
295 1656 391 1705 habet
419 1655 563 1719 gladium
591 1672 686 1717 suum,
715 1660 796 1704 emat

56 1723 119 1772 sibi
134 1724 283 1787 gladium,
297 1725 360 1789 quod
373 1725 442 1787 dixit,
455 1730 482 1773 ut
501 1741 542 1773 eos
553 1725 687 1773 instrueret
697 1725 797 1773 hnmili-
870 1736 871 1739 ’

55 1797 111 1841 tate.
130 1794 192 1842 ldooe
210 1810 283 1842 unum
304 1794 402 1842 exiliis
422 1795 509 1858 gladiis
528 1794 611 1842 Simon
629 1794 740 1855 habebat,
759 1799 795 1857 ut,

55 1879 128 1926 quum
147 1864 225 1912 zelum
245 1880 314 1911 suum
333 1862 413 1926 gladio
431 1868 574 1912 ostensurus
590 1867 661 1925 esset,
674 1863 796 1912 Dominus

7 1964 10 1967 ,
55 1949 109 1998 eum
121 1933 219 1982 dooeret
227 1934 301 1981 verba
311 1933 463 1998 Scripturas:
475 1948 484 1971 1
496 1932 543 1991 oui
554 1933 659 1998 pereutit
668 1933 794 1982 maxillam

52 2000 120 2050 tuam
132 2028 141 2051 a
154 2001 170 2050 5.
192 2003 259 2051 H'aeo
280 2002 344 2049 enim
362 2004 443 2065 ¹uerba
464 2003 546 2052 Simon
567 2003 592 2051 in
614 2018 657 2050 sua
678 2003 797 2051 charitate

55 2070 143 2120 oblitus
157 2075 215 2120 erat.
227 2071 279 2119 Aut
290 2071 336 2118 hoo
348 2072 418 2134 dixit,
430 2076 457 2121 ut
470 2072 492 2120 ei
508 2072 652 2133 ostenderet,
666 2072 730 2134 quod
746 2087 796 2119 non

53 2145 156 2203 tantum,
170 2140 264 2205 quando
276 2139 414 2203 hujusmodi
427 2156 466 2189 res
482 2156 530 2187 non
541 2141 682 2202 habeamus,
694 2145 738 2189 ant
752 2141 796 2189 ha-

53 2212 111 2260 bere
129 2225 177 2257 non
195 2209 323 2273 possimus,
336 2211 366 2259 ab
385 2210 419 2258 eis
439 2209 608 2272 abstineamus,
626 2207 668 2258 sed
686 2214 710 2257 et
729 2214 794 2272 tuno,

53 2280 147 2344 quando
162 2295 201 2327 eas
213 2278 344 2327 habeamus
357 2294 453 2344 eaeque,
468 2282 495 2328 ut
507 2278 610 2341 gladius,
628 2279 670 2343 qui
683 2279 708 2326 in
721 2294 794 2327 manu

53 2353 95 2397 tua
107 2353 151 2411 est,
161 2349 186 2396 in
196 2352 308 2412 promptu
322 2349 377 2411 sint,
387 2348 462 2397 nihilo
471 2348 552 2396 minus
564 2348 617 2415 istis
630 2363 678 2395 non
688 2352 793 2396 utamur.

52 2417 123 2466 litut
143 2417 296 2483 patefaceret,
315 2434 340 2467 se
360 2417 528 2468 admonitionis
548 2433 626 2480 eausa,
645 2433 693 2465 non
712 2420 792 2466 antem

52 2491 151 2552 propter
169 2487 260 2537 bellum
273 2487 302 2536 de
322 2488 410 2552 gladiis
429 2503 564 2537 sermonem
577 2488 670 2549 secisse,
683 2486 792 2536 addidit:

106 2644 124 2680 1.
140 2641 187 2681 (lon.
199 2644 216 2692 l,
229 2643 260 2681 15.
300 2664 301 2668 =

105 2696 124 2733 2.
139 2695 214 2742 Luat,
222 2696 255 2734 to.

103 2749 123 2785 3.
137 2748 185 2786 Luc.
196 2749 229 2795 22,
238 2748 272 2787 30.

104 2802 123 2838 4.
137 2801 212 2840 Dinon.
223 2801 256 2848 23,
265 2801 298 2840 45.

104 2856 122 2893 5,
136 2853 203 2894 illurn.
215 2854 233 2902 5,
243 2855 276 2893 39,
