1780 3151
106 113 152 161 244

105 203 139 251 tia
157 201 281 264 abstraxit,
301 199 410 249 Ohristns
429 217 523 265 quoque
542 202 622 251 zelans
641 196 743 250 Satanae
762 219 835 251 unum

106 288 137 320 ex
150 270 272 336 disoipulis
285 271 336 335 ejus
349 271 445 335 eripuit,
459 277 482 333 et
495 287 549 321 eum
561 288 631 336 quem
644 276 742 336 propter
758 272 836 321 orimi-

104 357 136 389 na
148 341 172 390 vi
185 341 249 390 ornei
261 341 396 403 affixerunt,
409 347 509 406 propter
524 342 594 391 fidem
607 342 662 390 feeit
682 341 706 389 in
725 342 836 391 libertate

104 412 204 474 uersari,
217 411 262 459 etsi
273 411 312 459 hie
324 412 388 460 ornei
401 416 465 460 esset
479 412 565 461 affixus
576 412 591 460 l.
606 411 672 461 Siout
684 412 783 460 Satanas
802 412 834 459 ei·

102 482 206 544 feoit,ut
229 481 269 529 'lle
291 481 448 546 pergratiam
471 481 560 531 eleotus
581 485 679 547 propter
700 482 835 531 libertatem

102 554 219 616 reprobus
241 555 265 599 et
286 555 435 616 oontemptus
456 553 531 614 fieret,
544 558 614 616 atque
629 567 673 614 pro
694 552 779 601 throno
800 552 835 599 la-

104 628 192 686 qtt'eum
210 622 232 669 ei
252 622 353 685 parauit,
366 622 399 671 ita
417 627 440 670 et
459 622 569 671 Christus
590 621 678 669 latroni
699 638 742 686 pro
764 633 833 670 eruoe

105 691 170 739 dedit
182 691 320 756 paradisum
332 691 469 757 voluptatis.
482 691 544 750 Quia
555 708 602 740 non
615 692 720 755 decebat,
733 697 760 740 ut
778 692 833 741 illae

103 777 195 825 manns,
208 778 267 825 quas
279 762 350 810 horno
363 762 388 809 in
399 762 505 810 mandati
517 761 708 825 transgressione
724 762 754 809 ad
767 763 835 811 arbo·

102 840 154 881 rem
167 832 280 880 scientiae
293 832 440 893 extenderat,
455 831 535 879 statim
554 832 740 880 extenderentur
755 831 785 879 ad
797 847 835 879 ao-

103 902 214 967 oipienda
226 902 288 949 dona
299 901 351 963 Dei,
365 917 435 964 quem
447 901 488 948 ille
507 901 532 948 in
553 903 637 950 arbore
656 901 718 950 vitae
740 917 835 966 spreve-

103 977 149 1033 rat,
161 972 214 1019 ideo
226 970 344 1019 Dominus
356 969 424 1018 illum
436 970 555 1019 hominem
574 972 676 1036 sumpsit
688 975 711 1019 et
722 972 748 1019 in
765 986 834 1020 eruoe

35 1060 37 1064 ’
102 1041 220 1104 alligauit,
238 1044 265 1087 ut
283 1039 430 1088 oeoideretur
448 1040 540 1103 morsl,
559 1057 619 1104 [prae
638 1057 689 1088 eum
700 1041 836 1106 eddiderat,

103 1115 128 1158 et
140 1112 174 1160 sie
186 1111 217 1158 ad
229 1126 296 1158 suam
306 1109 380 1157 vitam
393 1109 502 1157 dileetam
515 1111 658 1173 perveniret.
671 1111 741 1159 ideo:
757 1126 770 1148 u.
778 1110 836 1158 lde-

104 1196 177 1244 oum,
191 1181 231 1243 ait,
245 1179 310 1228 eris
329 1179 359 1226 in
376 1179 468 1228 horto
486 1180 698 1245 voluptatis».

172 1251 327 1299 Memento
351 1248 424 1311 mei,
443 1249 587 1313 Domine,
606 1250 637 1299 in
655 1266 752 1314 regno
774 1255 833 1299 tuo.

103 1320 166 1379 Quia
178 1319 253 1368 oeulis
269 1318 324 1367 fidei
343 1333 399 1367 suae
417 1319 531 1367 honorem
549 1320 645 1368 Domini
662 1320 713 1368 looo
731 1321 832 1384 ignomi-

101 1390 163 1454 niae,
177 1394 201 1438 et
216 1389 317 1453 gloriam
336 1390 387 1453 ejus
402 1404 446 1453 pro
463 1389 597 1437 hnmilitate
613 1391 680 1451 vidit,
694 1390 767 1439 dixit:
780 1390 831 1438 Me-

100 1466 181 1508 mento
194 1460 248 1523 mei,
267 1459 378 1523 quoniam
396 1458 421 1506 in
439 1458 473 1506 eis
489 1475 548 1522 quae
561 1475 624 1507 nuno
641 1461 666 1508 in
684 1460 789 1509 olavihus
808 1466 832 1508 et

101 1546 170 1578 oruoe
189 1533 313 1594 apparent,
331 1544 379 1576 non
396 1527 484 1576 oblitus
503 1545 554 1576 sum
572 1545 673 1593 regnum
689 1534 713 1577 et
731 1530 831 1593 gloriam

100 1604 174 1663 tuam,
187 1616 247 1664 quae
261 1599 285 1647 in
297 1598 344 1646 tine
357 1603 427 1646 erunt
439 1604 463 1645 et
475 1614 537 1646 nuno
549 1600 654 1647 nonduin
667 1603 790 1664 apparent,
866 1594 868 1598 ’

91 1676 92 1679 ’
171 1669 249 1728 Qrium
259 1667 376 1716 Dominus
386 1667 493 1730 vidisset,
503 1669 574 1716 fidem
584 1669 634 1734 ejus
644 1668 690 1717 fide
701 1669 831 1718 multorum

99 1755 152 1787 esse
171 1740 292 1802 majorem,
304 1752 349 1787 neo
368 1753 421 1785 eum
434 1738 463 1785 de
482 1738 531 1786 suis
549 1739 673 1802 angustiis,
686 1739 728 1787 sed
747 1739 775 1787 de
794 1755 830 1787 re-

98 1810 211 1857 missione
229 1812 380 1873 peooatorum
398 1808 510 1872 negitare,
528 1824 586 1871 prae
604 1809 685 1856 multis
704 1808 757 1857 aliis
776 1824 829 1857 eum

99 1879 267 1943 magnifioauit.
280 1878 312 1926 Et
324 1877 381 1942 quia
393 1877 417 1924 in
431 1877 480 1926 suis
492 1878 603 1942 preeihus
616 1894 663 1926 non
676 1877 779 1927 oelorem
793 1894 830 1926 re-

98 1949 254 1997 tributionem
266 1947 322 1995 fidei
338 1963 393 1995 suae
412 1946 533 2010 petierat5
541 1965 546 2009 3
559 1964 612 1995 nam
631 1963 718 2012 parvus
737 1953 761 1996 et
774 1948 830 1997 vilis

99 2017 151 2082 ipse
165 2018 211 2066 sihi
231 2018 369 2081 apparebat,
388 2031 441 2064 enm
462 2016 524 2064 latro
545 2021 617 2080 esset,
638 2017 691 2066 ideo
712 2017 830 2067 Dominus

99 2088 162 2136 dona
174 2104 217 2136 sua
229 2091 321 2135 remota
333 2085 481 2149 acceleravit
495 2086 606 2149 deditque
624 2087 759 2151 proximam
775 2104 830 2152 pro-

98 2158 244 2220 missionem,
263 2156 358 2205 dioens:
374 2171 383 2193 ί(
392 2156 470 2204 Hodie
483 2184 502 2219 a,
515 2161 539 2204 et
559 2172 607 2204 nen
627 2157 652 2205 in
673 2157 719 2205 fine
741 2157 830 2207 mundi.

98 2227 255 2292 Looupletem
279 2243 335 2291 ergo
354 2226 541 2275 miseridordiam
566 2243 632 2274 suam
657 2228 768 2291 ostendit,
786 2243 830 2294 per

98 2308 170 2362 quarn
192 2297 275 2346 eadem
295 2297 365 2358 hora,
387 2312 435 2359 qna
455 2295 525 2344 fidem
547 2313 561 2344 a
581 2296 673 2345 latrone
691 2302 772 2345 mutuo
793 2313 831 2345 ao-

98 2368 174 2432 eepit,
194 2368 217 2416 ei
241 2367 316 2430 gratis
340 2366 456 2414 immensa
478 2366 539 2414 doira
566 2366 682 2428 reddidit,
707 2368 831 2416 thesauros

97 2454 152 2486 suos
171 2437 246 2502 gratis
265 2451 345 2484 eoram
363 2452 390 2484 eo
409 2435 500 2497 effudit,
513 2436 593 2484 statim
605 2436 630 2483 in
649 2452 716 2484 suum
736 2437 830 2501 paradi-

98 2523 151 2556 sum
164 2524 218 2556 eum
229 2505 353 2555 transtulit
368 2510 392 2554 et
403 2505 491 2554 ibidem
508 2505 669 2555 introductum
689 2522 760 2571 snper
778 2507 830 2556 the

153 2659 170 2694 1.
185 2656 253 2695 Loeus
263 2655 295 2694 hio
306 2667 332 2693 ex
342 2653 386 2693 eod.
394 2655 411 2693 B
419 2655 524 2693 eorreotus
536 2655 573 2692 est.
581 2654 605 2692 ln
616 2654 659 2693 ood.
669 2654 689 2707 Av
698 2665 771 2703 magna
783 2656 828 2706 ejus

98 2720 146 2759 pars
156 2710 221 2748 deest.

151 2766 170 2800 2.
184 2762 241 2800 Haec
251 2774 293 2801 vox
303 2774 330 2800 ex
340 2760 385 2799 eod.
399 2761 416 2799 B
432 2760 511 2800 inserta
528 2761 565 2799 est.
582 2760 674 2811 Sequens
690 2759 792 2800 sententia
801 2771 828 2800 ex

99 2814 170 2854 eodem
181 2815 251 2855 oodioe
263 2816 369 2855 eorreotus
380 2816 418 2852 est.

153 2871 171 2908 3.
186 2869 219 2911 sic
229 2869 249 2908 in
260 2869 303 2909 eod.
313 2867 418 2918 Blegitnr.
