1780 3151
79 238 141 283 sunt.
161 233 228 281 Idem
242 232 270 280 de
289 232 391 282 Domino
405 233 531 283 dicendum
546 238 589 282 est.
603 236 653 284 Aut
670 234 730 284 seria
748 237 818 284 sexta

78 319 122 366 pro
139 304 230 350 duobus
250 302 342 367 diebus,
356 308 380 351 et
396 305 521 353 sabbatum
535 310 578 368 pro
591 321 638 355 uno
655 305 693 352 die
712 305 817 369 positum

78 376 121 419 est.
135 371 214 430 Quum
228 388 314 437 corpus
327 390 396 422 suum
412 374 438 421 111
450 375 592 438 mysterium
610 375 694 424 mortis
713 390 769 423 suae
782 373 817 421 eis

78 442 270 490 manducandum
283 441 357 506 daret,
371 444 517 494 inventrem
529 460 612 493 eorum
627 444 734 506 intravit,
747 442 817 492 sicuti

78 516 163 573 postea
175 511 200 560 in
210 516 306 561 terram.
319 512 351 562 Et
361 513 418 578 quia
428 514 508 563 Adam
517 530 566 562 non
577 514 710 577 benedixit,
722 512 817 578 quando

77 579 219 646 inobediens
237 581 342 631 fructum
360 584 510 647 decerpebat,
529 583 701 632 benedixit
719 581 818 631 Domi-

78 661 135 699 u'us
155 655 184 699 et
201 651 310 714 fregit.
330 651 363 700 Et
380 652 449 717 panis
468 652 589 701 intravitl
609 656 633 700 et
653 651 818 717 compensavit

78 719 191 768 damnum
210 719 339 784 aviditatis,
353 738 400 787 qua
418 721 496 769 Adam
514 722 654 770 mandatum
675 722 721 769 Dei
739 726 817 770 trans-

78 805 177 852 gressus
190 794 234 839 est.
247 791 298 838 Aut
310 795 360 839 tres
378 791 429 839 dies
447 795 605 840 numerantur
618 791 647 839 de
665 791 781 840 descensu
793 794 818 837 et

78 875 181 909 ascensu
199 861 214 908 1.
228 876 247 908 e.
270 860 330 908 feria
351 864 427 922 sexta,
446 861 569 908 sabbatum
592 866 617 909 et
638 860 763 910 dominica.
784 859 818 908 Et

79 928 157 978 dixit:

149 1000 185 1047 In
210 1002 372 1062 posterum
396 1013 456 1046 non
480 1000 583 1048 bibam
602 998 713 1048 exhoe
732 997 816 1062 geni-

80 1067 161 1115 mine
179 1067 260 1116 vitis
285 1083 383 1132 usque
408 1068 444 1116 ad
468 1084 600 1132 regnum
619 1067 728 1116 Patris
747 1067 815 1129 mei,

78 1140 106 1183 nt
117 1137 262 1198 ostenderet,
275 1153 300 1185 se
315 1138 445 1201 praescire,
457 1141 553 1202 tempus
566 1153 640 1202 prope
654 1153 714 1199 esse,
728 1152 774 1201 quo
787 1138 817 1185 ab

79 1205 114 1253 eis
125 1206 274 1256 discessurus
288 1207 326 1254 sit.
336 1221 345 1244 u
355 1207 439 1271 Usque
446 1207 476 1255 ad
483 1222 586 1270 regnum
595 1206 676 1255 Patris
686 1206 734 1254 mei
742 1233 761 1269 n,
768 1205 783 1253 1.
797 1221 817 1253 e.

78 1291 154 1339 usque
167 1276 197 1324 ad
209 1276 409 1325 resurrectionem
428 1291 512 1324 meam.
529 1276 598 1334 Quod
611 1277 680 1324 docet
698 1276 780 1324 Simon
792 1274 818 1323 in

77 1344 180 1394 Actibus
197 1345 370 1410 Apostolorum
389 1345 487 1393 dicens:
509 1361 518 1383 v
537 1345 597 1393 Post
614 1344 816 1394 resurrectionem

78 1428 123 1476 per
137 1414 297 1479 quadraginta
309 1414 402 1462 dierum
414 1418 509 1478 tempus
528 1414 620 1462 edimus
634 1430 687 1462 cum
701 1430 728 1461 eo
744 1418 768 1462 et
780 1413 816 1462 bi-

79 1483 158 1532 bimus
170 1511 180 1534 1
192 1483 209 1547 ⁵2,
223 1484 313 1532 scilieet
325 1483 368 1531 illa
380 1484 418 1531 die
437 1484 515 1548 prima
531 1484 696 1547 hebdomadis,
709 1486 736 1531 ut
752 1487 776 1531 et
787 1483 816 1531 il-

77 1549 120 1600 lud
131 1570 135 1600 :
148 1569 157 1591 v
166 1553 223 1601 Non
235 1555 366 1616 gustabunt
378 1558 486 1615 mortem,
497 1553 572 1601 donec
586 1553 702 1603 videbunt
714 1568 816 1615 regnum

79 1621 177 1683 116115,
190 1621 254 1686 quod
269 1625 324 1687 post
337 1636 381 1670 sex
394 1622 445 1670 dies
459 1623 546 1670 evenit.

148 1693 227 1740 Eece
252 1692 388 1740 Satanas
407 1692 534 1756 accepit
558 1688 820 1755 permissionem,⁴

78 1760 246 1809 cribrandi
272 1776 326 1809 vos
353 1759 566 1822 ut'triticum,
586 1766 616 1809 et
643 1777 699 1824 ego
728 1761 818 1809 oravi

78 1829 205 1893 Patrem
230 1845 285 1894 pro
304 1834 345 1893 te,
365 1846 401 1878 ne
420 1829 557 1878 deficiat
575 1829 659 1878 fides
678 1835 737 1877 tua.
762 1829 818 1877 Non

78 1899 155 1947 dixit:
172 1900 246 1949 Oravi
266 1915 310 1964 pro
323 1903 354 1961 te,
367 1903 395 1947 ut
415 1915 463 1947 non
485 1899 594 1961 tenteris,
608 1899 649 1947 sed
670 1914 700 1946 ne
722 1897 818 1947 deficiat

78 1968 137 2016 fides
156 1973 204 2017 tua.

150 2037 291 2086 Ostende
310 2039 400 2087 nobis
419 2037 547 2086 Patrem
566 2041 596 2085 et
614 2037 745 2086 sufficit
768 2053 816 2085 no-

78 2106 134 2155 bis.
154 2106 282 2171 Philippus
295 2107 372 2171 petiit,
385 2111 411 2155 ut
424 2106 580 2172 corporaliter
593 2107 688 2155 videret
709 2106 816 2168 Patrem,

77 2177 92 2224 1.
106 2192 125 2224 6.
140 2176 303 2240 corporalibus
316 2176 399 2238 oculis,
412 2177 447 2224 uti
460 2177 553 2241 priores
562 2177 631 2240 justi,
648 2176 689 2240 qui
700 2176 816 2229 viderunt

77 2245 177 2310 angelos
193 2249 217 2293 et
234 2246 398 2309 archangelos.
418 2247 477 2295 ldeo
495 2246 614 2294 Dominus
633 2246 662 2293 de
682 2245 764 2294 divina
781 2244 816 2294 vi-

78 2317 151 2376 sione,
166 2331 227 2379 quae
240 2316 416 2365 mentis-oeulis
429 2315 568 2380 percipitur,
583 2316 605 2363 ei
620 2331 764 2379 responsum
776 2314 817 2362 de-

77 2385 124 2448 dit,
137 2401 186 2433 non
199 2385 264 2433 enim
276 2384 338 2432 1111111
350 2386 381 2433 ad
393 2402 447 2434 eum
459 2403 463 2433 :
479 2400 488 2423 a
498 2384 522 2433 N
524 2400 555 2432 on
564 2385 659 2434 vidistis
672 2411 682 2434 a
697 2383 753 2448 quia
764 2382 817 2447 lpse

74 2454 191 2504 exteriori
204 2453 259 2502 visu
278 2453 301 2501 ei
319 2459 478 2519 apparuerat,
492 2454 535 2503 sed
554 2455 603 2502 ait:
617 2454 685 2502 Non
707 2463 817 2517 eogno-

76 2525 173 2573 vistis
191 2539 243 2586 me,
262 2523 319 2589 quia
339 2525 451 2589 majestas
464 2526 515 2590 ejus
528 2523 669 2574 abscondita
688 2524 747 2585 erat,
765 2521 781 2569 1.
794 2538 815 2570 6.

75 2594 96 2643 si
116 2609 154 2642 me
175 2592 358 2655 cognovissetis,
380 2598 498 2657 quatenus
523 2609 572 2641 non
593 2609 646 2641 sum
667 2592 817 2655 manifestus,

75 2663 147 2711 etiam
159 2663 282 2712 vidissetis
304 2662 402 2711 Patrem
423 2679 510 2726 meum,
523 2663 565 2726 qui
585 2677 634 2711 nou
655 2666 762 2727 apparet.
784 2661 817 2710 Et

131 2791 148 2826 1.
164 2788 194 2828 df.
204 2787 257 2827 Rom.
268 2789 286 2838 5,
299 2790 322 2828 12
333 2802 337 2828 :
350 2789 481 2829 lPeccatum
491 2789 577 2831 intravit
586 2791 606 2829 in
620 2789 674 2829 huno
691 2787 788 2828 mundum
798 2806 816 2827 a.

128 2843 147 2879 2.
162 2839 193 2880 of.
204 2841 255 2881 Aer·
266 2842 303 2880 Ar.
315 2843 348 2892 10,
357 2843 389 2881 41.

128 2895 146 2931 3.
162 2893 230 2932 Maru.
243 2895 274 2947 16,
285 2897 318 2934 28.
