1780 3151
761 130 791 176 ot

56 236 108 269 cern
119 221 175 274 fecit
187 221 358 270 consolatorem
366 219 383 282 ¹,
395 220 416 267 is
428 220 454 267 in
466 220 512 268 fine
524 218 639 283 temporis
651 220 724 268 rebus
736 234 789 282 per-

56 292 152 341 niciosis
161 291 284 340 mandabit
293 295 317 338 et
325 289 397 338 utiles
406 290 470 352 fient,
480 293 505 337 et
514 290 585 338 rebus
594 288 664 338 malis
677 302 791 354 praecep-

56 366 107 410 tum
120 362 186 411 dabit
206 365 229 409 et
240 361 333 409 laetitia
348 359 458 407 afficient.
477 359 549 407 Prius
568 374 594 406 os
612 358 735 408 hominum
748 375 791 422 gu-

57 432 105 480 stui
116 432 166 480 vini
180 431 217 479 sui
229 429 362 492 assuefecit7
379 434 407 477 ut
425 429 481 476 dein
493 433 517 476 et
529 444 599 476 aures
612 443 694 477 eorum
711 430 791 478 vince-

55 506 93 550 ret
112 501 182 548 etad
200 501 361 565 recipiendam
379 499 473 547 dulcem
486 515 553 548 suam
566 498 698 547 doctrinam
716 499 790 546 addu-

55 575 126 636 oeret.

126 641 263 706 impleta
277 645 350 690 sunt
364 644 508 704 tempora
519 637 608 703 (1111116.
620 639 697 702 nrt),
708 639 790 687 casci-

55 709 119 774 11661,
138 727 198 776 quae
211 728 225 759 a
237 711 389 775 generatione
405 711 430 758 in
448 704 627 773 generationem
639 709 790 774 compleban-

55 784 101 829 tur.
114 781 197 830 Prima
208 781 320 846 periodus
333 785 384 829 erat
396 783 425 829 ab
437 780 530 828 Adamo
543 794 618 843 usque
631 779 661 827 ad
671 780 723 828 Noc
737 795 790 827 cum

56 851 158 914 foedere,
177 851 241 915 quod
259 851 365 900 Setlritae
384 850 565 911 constituerunt,
584 865 657 913 quum
675 849 792 898 afamilia

57 919 206 969 Cainitarum
215 937 240 969 se
254 925 393 985 separarent
402 925 425 968 et
434 922 463 968 ab
477 936 505 967 ea
513 919 670 967 discederent.
681 919 790 969 Secunda

55 991 168 1054 periodus
181 992 258 1040 611οὲ
270 1006 346 1055 usque
359 991 389 1038 ad
401 990 572 1052 llbrahamurn7
590 1006 637 1053 qua
649 990 790 1054 sanguinem

55 1061 178 1109 comedero
190 1062 304 1111 restitum
316 1064 373 1109 erat.
388 1075 397 1098 s
407 1060 469 1108 Dedi
477 1059 552 1120 vobis,
564 1059 649 1123 inquit,
659 1060 744 1122 omnia,
758 1059 790 1107 si-

55 1131 103 1179 cuti
115 1131 213 1180 herbam
225 1132 284 1195 agri,
297 1135 390 1178 tantum
400 1129 541 1193 sanguinein
550 1144 604 1177 oum
616 1129 695 1178 anima
708 1146 738 1177 ne
751 1145 789 1177 co·

54 1200 155 1248 medatis
163 1201 194 1252 27).
208 1202 231 1250 A
244 1206 350 1265 temporo
360 1200 491 1249 Abrahami
504 1199 620 1263 usquead
632 1198 735 1264 Moysen
746 1215 788 1264 pc-

55 1272 136 1320 riodus
149 1271 200 1320 erat
212 1270 396 1320 circumcisionis
409 1270 460 1318 sine
472 1269 534 1332 lege⁷
553 1272 577 1316 et
589 1285 603 1316 a
615 1268 700 1334 Moyse
712 1285 788 1333 usque

55 1342 85 1389 ad
98 1346 175 1390 ortum
186 1341 277 1389 Christi
285 1340 397 1404 periodus
407 1340 476 1403 legis,
487 1339 573 1386 exinde
583 1343 692 1403 tempora
703 1339 788 1404 imple-

53 1415 78 1458 ta
91 1415 154 1473 6111,
169 1411 225 1475 quia
239 1426 308 1458 neruo
322 1410 424 1474 amplius
437 1414 480 1471 est,
498 1409 539 1473 qui
554 1413 647 1457 mutare
665 1414 747 1474 posset
764 1413 788 1457 et

53 1480 205 1545 amplificare.

122 1551 216 1600 Rursus
228 1554 323 1616 tempus
336 1549 485 1615 primaevum
496 1548 632 1597 noluntaria
645 1548 706 1597 dona
718 1550 785 1598 obtu-

52 1620 81 1668 lit
93 1623 122 1670 ab
134 1621 197 1670 Abel
205 1638 280 1685 usque
294 1621 324 1668 ad
333 1621 392 1669 Noe.
408 1618 786 1682 106116616111111611116661-

52 1690 112 1738 ficiis
130 1691 179 1739 suis
189 1690 206 1739 5.
225 1691 288 1739 Dein
299 1691 351 1738 noc
365 1705 436 1754 super
449 1688 531 1750 altare,
550 1688 576 1735 iu
593 1693 673 1737 monte
692 1689 784 1737 Cordu-

52 1760 168 1808 acoruml
181 1765 336 1822 exstructum,
355 1758 496 1808 sacrificium
508 1759 600 1807 obtulit.
619 1759 785 1823 Sequebantur

53 1830 193 1879 sacrificium
204 1830 336 1880 Abrahami
347 1829 373 1876 in
383 1833 463 1876 monte
475 1829 685 1892 Arnorrlraeorum,
704 1830 786 1878 Iacobi

51 1900 77 1947 in
88 1901 182 1964 Bctlrcl⁷
199 1902 270 1949 Iosuc
287 1899 432 1948 intransitu
451 1898 555 1946 fluminis
567 1898 684 1962 Iordanis,
702 1904 786 1964 postea

53 1971 167 2019 sacrificia
185 1972 210 2028 in
228 1970 285 2032 Silo,
303 1969 344 2018 ubi
362 1968 541 2017 tabernaculum
560 1969 665 2033 positum
684 1973 743 2032 erat,
762 1973 786 2017 et

52 2041 174 2104 posthaec
184 2040 316 2090 Salomonis
330 2039 469 2087 sacrificium
479 2038 504 2085 in
513 2039 590 2102 primo
600 2040 689 2102 templo
699 2039 786 2088 Hiero-

53 2110 202 2173 solymitano,
216 2114 240 2157 ct
252 2109 393 2157 sacrificium
407 2108 505 2169 Christi,
518 2109 580 2171 quod
592 2108 617 2155 in
630 2124 673 2157 sua
685 2110 785 2158 ecclesia

51 2179 407 2243 usqueadconsummationem
425 2177 574 2226 saeculorum
587 2179 722 2242 constituit3
741 2180 786 2227 hoc

52 2251 116 2298 enim
127 2266 175 2298 uon
187 2249 288 2314 amplius
301 2252 412 2296 mutatur.
425 2248 495 2296 ldeo:
517 2262 526 2284 ‘⁶
538 2248 642 2312 impleta
656 2254 712 2297 sunt
726 2254 786 2297 tem-

52 2337 111 2384 pora
121 2348 140 2383 s,
153 2321 208 2384 quio
219 2323 309 2383 postea,
321 2322 348 2365 ut
361 2318 394 2366 ait
408 2317 571 2381 Evangelista
589 2334 691 2382 regnum
709 2319 785 2367 caelo-

52 2407 107 2439 rum
119 2389 322 2454 evangelizabitur
331 2387 348 2435 5.
361 2389 420 2436 Vel:
441 2403 450 2426 a
462 2387 565 2452 impleta
578 2394 633 2436 sunt
645 2393 753 2453 tempora
765 2416 784 2450 n,

53 2461 98 2508 hoc
112 2465 155 2523 est,
168 2464 276 2524 tempora
287 2458 391 2507 lsra'e'lis.

108 2619 125 2655 1.
141 2615 223 2656 Scilicet
232 2616 298 2655 tribus
308 2616 384 2668 pueris,
395 2617 416 2654 in
426 2617 507 2655 camino
518 2617 570 2667 ignis
580 2617 674 2657 servatis.

108 2671 126 2708 2.
142 2670 191 2708 Cur.
201 2673 219 2718 9,
230 2673 269 2710 dl.

109 2726 127 2761 3.
143 2722 192 2760 cnr.
207 2725 225 2772 5,
235 2726 268 2763 29.

107 2779 125 2816 4.
139 2776 197 2814 Idem
211 2777 231 2813 in
246 2777 397 2817 Commentario
412 2789 428 2815 s.
442 2777 552 2828 llphraemi
565 2778 585 2816 in
596 2776 693 2817 Genesim
707 2780 756 2818 tom.
766 2779 783 2816 Ι.

55 2843 101 2883 pag.
112 2830 148 2869 152
159 2829 240 2880 legitur

108 2887 127 2924 5.
141 2884 190 2923 Luc.
206 2884 236 2933 lo,
248 2885 279 2922 16.
