1780 3151
306 368 461 419 CAPUT
491 369 547 418 IX.

133 617 176 666 Tu
200 633 238 682 es,
262 619 313 684 qni
338 623 492 667 venturus
510 632 548 680 ee,
573 615 725 664 analium
745 632 792 664 ex·

64 689 263 754 spectamus?
282 688 372 752 (Maru.
386 690 423 751 11,
436 687 503 750 2-14)
523 687 680 751 Nequaquam
699 686 791 735 dubita-

62 759 97 807 vit
109 759 138 807 de
151 774 185 807 eo.
199 758 245 816 Qui
258 759 320 806 6616
332 758 357 806 16
369 758 463 806 deserto
475 758 539 806 viam
550 756 652 822 paravit,
665 773 708 805 nec
721 771 791 804 cunc-

63 832 126 877 tatus
139 832 175 876 est
195 828 220 875 in
232 834 315 877 ventre
328 828 444 889 exultare,
463 828 504 891 qui
526 826 553 875 in
568 826 686 890 baptismo
701 826 792 875 nullam

63 898 108 947 sibi
121 898 222 962 gloriam
234 898 348 960 attribuit,
361 898 417 962 quia
429 898 534 946 dicebat:
549 895 611 944 61116
624 901 717 961 oportet
735 913 749 944 a
766 901 791 944 te

62 967 179 1032 baptizari
191 993 210 1030 6,
229 972 267 1016 66;
288 968 367 1016 611666
386 984 461 1031 agnus
479 967 588 1028 1)61,1]16
606 971 648 1029 est,
667 967 708 1031 qui
726 966 790 1015 tollit

62 1042 159 1102 peccata
170 1038 253 1085 mundi
264 1065 283 1101 a,
297 1041 333 1085 et:
349 1052 358 1075 6
367 1038 423 1086 Non
432 1053 484 1085 sum
493 1037 587 1100 dignus,
600 1041 627 1084 ut
638 1036 728 1085 661666
741 1052 791 1085 cor-

61 1107 135 1170 rigias
148 1106 359 1156 calceamentmum
372 1108 421 1172 ejus
434 1135 452 1170 6,
471 1107 512 1171 qui
529 1108 587 1155 haec
600 1107 678 1155 omnia
695 1107 791 1172 publice

61 1177 215 1242 praedicavit,
226 1178 341 1241 quomodo
360 1182 443 1241 postea
455 1176 483 1224 de
495 1192 521 1224 eo
537 1177 661 1239 dubitavit,
671 1177 696 1225 in
705 1177 789 1242 primis

60 1251 115 1311 post
126 1247 287 1296 testimonium
296 1247 407 1311 Spiritus7
417 1247 458 1311 qui
468 1246 591 1295 descendit
599 1246 625 1295 in
634 1246 790 1295 similitudine

61 1317 191 1379 columbae,
204 1322 228 1364 66
240 1324 294 1381 post
305 1333 387 1365 vocem
400 1333 430 1365 ex
443 1317 507 1364 coelo
520 1317 606 1364 factam
617 1333 621 1364 :
634 1331 643 1354 6
655 1317 702 1365 Η16
714 1321 750 1365 666
763 1317 788 1364 11-

61 1386 108 1434 lius
120 1402 187 1433 meus
200 1386 301 1435 dilectus
314 1391 357 1434 etc.
370 1386 393 1436 61
410 1386 456 1435 Sed
468 1386 526 1434 haec
538 1387 612 1434 verba
626 1386 660 1434 ita
672 1387 790 1451 interpre-

61 1460 146 1504 tamur.
159 1456 225 1504 Sicut
231 1456 361 1521 prophetae
372 1472 399 1503 66
409 1470 469 1520 quae
475 1456 549 1503 locuti
559 1460 621 1517 sunt⁷
628 1461 726 1520 propter
734 1473 758 1504 66
767 1459 791 1504 66

61 1541 101 1573 666
114 1525 155 1590 qui
166 1526 231 1590 ipsos
244 1526 325 1574 audire
335 1526 459 1588 debebant,
473 1526 592 1587 dixerunt
605 1530 629 1573 66
641 1526 701 1574 61666
710 1526 791 1574 Domi-

61 1611 106 1643 nus
118 1595 163 1643 ait:
179 1611 188 1633 6
198 1595 301 1660 Propter
312 1595 427 1659 populum
439 1595 490 1642 dico
502 1595 553 1657 hoc,
565 1600 592 1642 66
604 1594 702 1644 credant
712 1596 744 1658 ln,
756 1596 791 1644 ita

61 1666 205 1727 66166116667
224 1682 297 1729 quum
309 1669 402 1728 tempus
415 1665 504 1712 instare
516 1664 617 1727 videret,
636 1681 682 1729 qno
702 1682 733 1713 ex
746 1666 791 1714 hoc

61 1734 149 1782 mundo
167 1735 290 1798 migraret⁷
309 1739 332 1782 66
349 1734 503 1797 intelligeret
516 1750 541 1781 66
554 1733 702 1783 Salvatorem
719 1736 791 1785 etiam

61 1804 87 1852 16
99 1809 174 1853 morte
187 1805 330 1868 praecedere
341 1803 434 1866 debere7
447 1820 517 1868 quem
525 1803 551 1851 in
559 1804 683 1852 nativitate
695 1805 721 1852 in
729 1806 791 1853 hanc

62 1874 138 1922 vitam
150 1876 327 1939 praecessisset,
346 1890 426 1921 euram
439 1873 520 1937 gessit,
539 1889 569 1920 ne
588 1874 716 1938 discipulos
735 1891 791 1924 6666

60 1943 95 1991 166
106 1942 260 2008 relinqueret,
269 1948 296 1992 66
308 1946 446 1993 aberrarent
456 1947 479 1991 et
488 1943 556 2007 quasi
565 1960 626 2006 grex
635 1944 685 1992 sine
695 1949 790 2014 pastore

63 2013 265 2078 dispergerentur.

129 2083 198 2131 Misit
209 2084 310 2131 Ioannes
329 2082 457 2147 discipulos
468 2083 497 2130 ad
510 2098 571 2145 eum,
590 2099 637 2131 666
649 2086 676 2130 66
688 2099 741 2132 666
753 2085 790 2132 16-

59 2156 217 2216 terrogarent,
239 2153 281 2201 sed
293 2156 320 2200 ut
332 2152 365 2199 eis
379 2168 439 2216 quae
451 2152 502 2216 ipse
515 2157 585 2201 66666
597 2153 698 2215 dixerat,
715 2154 789 2203 6116-

58 2223 123 2270 6166
136 2223 204 2287 quasi
214 2222 319 2286 sigillum
329 2225 488 2286 apponeretur
495 2239 500 2284 3
508 2221 560 2269 ideo
570 2226 675 2270 mentem
685 2224 789 2288 discipu-

58 2292 136 2342 lorum
149 2293 179 2340 ad
192 2309 245 2340 eum
258 2292 352 2340 direxit.
365 2292 451 2353 Quum,
472 2291 505 2338 ait
516 2291 645 2356 Scriptura,
665 2293 706 2342 alii
719 2294 788 2342 disci-

59 2363 111 2426 puli
129 2378 183 2410 eum
202 2362 332 2410 audiissent
351 2362 380 2409 de
398 2360 499 2408 Domino
520 2361 665 2426 loquentem,
685 2368 708 2411 et
725 2364 788 2412 hunc

58 2432 182 2495 vidissent,
194 2432 276 2481 relicto
284 2432 334 2480 6166
342 2431 439 2480 tristitia
450 2430 651 2497 loanneseqnuti
662 2437 717 2480 6666
724 2449 785 2481 666.

60 2501 135 2549 Sicuti
147 2501 173 2548 in
184 2502 301 2566 baptismo
319 2504 405 2550 bonam
423 2517 490 2549 suam
511 2501 658 2550 voluntatem
676 2503 786 2566 ostendit,

58 2571 114 2635 quia
126 2571 282 2619 sacerdotium
292 2572 375 2619 domus
385 2570 460 2635 patris
470 2571 507 2619 661
517 2571 562 2620 sibi
573 2588 620 2619 non
632 2571 761 2620 vindicavit
768 2572 786 2634 2,

58 2641 92 2689 ita
109 2645 132 2688 et
149 2640 189 2688 hle
207 2640 330 2706 discipulis
342 2642 474 2703 thesauros,
494 2657 552 2705 quos
565 2642 714 2689 6661616666
727 2647 786 2706 erat,

115 2808 131 2844 1.
146 2806 202 2844 1666,
214 2808 244 2856 11,
254 2809 286 2845 42.

114 2861 133 2897 2.
148 2859 178 2898 ef.
194 2871 255 2910 supra
264 2872 310 2911 pag.
321 2863 352 2899 42.
