1780 3151
754 155 767 184 a

99 235 182 296 Porro,
196 233 217 280 si
229 232 273 280 hoc
284 232 392 281 Verbum
406 246 415 269 ιι
426 235 477 280 erat
490 230 554 296 apud
564 229 642 278 Deum
652 254 671 291 n,
685 230 709 274 et
721 243 769 276 uon

30 309 81 357 Deo
93 305 109 369 ⁴,
123 303 221 354 dicendo
236 316 246 339 ιι
259 301 322 366 apud
332 301 410 349 Deum
420 329 439 364 a,
454 300 611 364 Evangelista
624 298 688 347 clare
700 297 768 347 nobis

31 377 137 444 exponit,
147 372 218 438 quod,
228 370 361 419 sicutDeus
372 375 430 433 erat,
440 371 503 435 apud
512 387 582 434 quem
593 370 768 430 eratVerbum,

30 449 65 497 ita
77 452 101 495 et
112 447 191 510 ipsum
202 443 310 491 Verbum
323 440 386 505 apud
403 440 481 488 Deum
500 456 547 504 qua
561 440 627 488 Deus
640 440 767 488 existebat.

32 520 55 566 Α
73 512 235 581 principio
253 515 322 559 erat
339 511 483 558 Verbum.
503 509 594 568 Quibus
612 510 692 558 uerbis
708 510 767 557 duas

31 602 69 635 res
83 583 219 645 declaravit,
233 581 324 629 scilicet
337 585 448 628 naturam
465 579 541 628 Verbi
553 584 577 626 et
589 579 769 642 generationem

31 656 89 720 ejus.
101 654 134 702 Et
146 668 176 701 ne
191 668 200 689 ιι
212 653 320 701 Verbum
332 678 341 700 o
356 652 446 714 absque
458 648 655 714 interpretatione
671 649 767 711 sineret,

31 723 209 789 adjecittHcc
223 722 361 770 Verbum
379 719 548 784 eratapud
566 718 668 781 Deum,
681 719 767 782 quibus

32 795 78 842 duo
96 791 250 858 praedicavit,
263 792 375 856 primum,
389 791 452 854 quod
466 790 575 839 Verbum
586 804 635 836 non
648 791 684 836 est
702 789 769 837 velut

31 864 100 912 homo
113 861 207 925 aliquis,
221 862 277 925 quia
298 875 307 899 ιι
319 861 382 926 apud
394 860 472 908 Deum
489 864 541 909 erat
553 886 572 922 o,
592 858 678 907 deinde
691 859 768 908 subsi-

31 933 144 981 stentiam
156 931 238 980 Verbi.
251 932 289 979 Et
306 930 392 979 Deus
411 934 480 979 erat
494 931 639 991 Verbum,
657 945 704 993 quo
721 930 769 977 tria

32 1001 118 1062 docuit,
129 1001 249 1062 nimiunn,
256 1002 364 1050 Verbum
374 1016 427 1049 esse
437 1000 522 1063 Deum,
532 1015 660 1065 personam
669 1003 693 1047 et
702 999 769 1062 geni-

32 1076 90 1119 tum.
108 1072 172 1119 Hoc
190 1076 259 1120 erat
277 1088 291 1119 a
308 1070 473 1135 principio
491 1071 573 1135 apud
591 1069 694 1117 Deum.
707 1069 768 1118 Pru-

32 1141 116 1189 denter
134 1142 193 1189 haec
211 1143 285 1190 rerba
297 1140 415 1205 apposuit,
433 1156 463 1188 ne
476 1157 548 1189 uuam
559 1155 687 1204 personam
699 1155 769 1203 prae-

31 1211 110 1258 dicare
127 1210 256 1259 rideretur.
281 1212 345 1260 Hoc
363 1215 431 1258 erat
457 1227 471 1257 a
497 1209 660 1275 principio
684 1209 766 1273 apud

32 1280 134 1328 Deum.
153 1280 222 1327 Dixit
240 1296 297 1344 ergo
315 1281 419 1345 primum
435 1280 463 1327 de
480 1280 634 1343 generatione
653 1280 711 1344 ejus,
730 1296 767 1327 se-

31 1349 115 1411 cunde,
127 1349 189 1413 quod
202 1350 265 1414 apud
277 1366 332 1398 eum
344 1354 402 1412 erat,
421 1349 498 1412 tertio,
516 1351 580 1414 quod
592 1354 617 1396 et
628 1349 694 1397 Deus
707 1353 766 1412 erat,

31 1422 123 1482 quarto,
137 1419 200 1482 quod
208 1419 258 1482 jam
270 1418 364 1483 pridem
376 1419 439 1483 apud
450 1434 504 1467 eum
517 1424 574 1467 crat.

105 1488 213 1536 Omnia
231 1504 287 1551 per
305 1489 406 1552 ipsum
424 1489 509 1536 facta
527 1493 608 1550 sunt,
625 1488 682 1552 quia
693 1504 767 1552 opera

32 1572 75 1620 per
87 1556 166 1620 ipsum
179 1558 307 1606 constituta
319 1564 382 1620 sunt,
398 1559 515 1623 Apostolo
529 1559 639 1607 dicente:
660 1574 669 1596 ιι
682 1559 769 1607 Omnia

31 1641 75 1689 per
92 1626 171 1689 ipsum
183 1626 245 1674 facta
263 1632 325 1689 suut,
344 1629 400 1692 quia
411 1644 455 1692 per
467 1629 546 1692 ipsum
565 1628 694 1676 corastituta
711 1633 768 1676 sunt

32 1693 121 1758 opera‘l
131 1721 140 1744 o
155 1699 190 1742 et:
205 1711 214 1734 ιι
224 1695 272 1744 Per
285 1713 339 1745 eum
350 1697 406 1745 fecit
418 1697 555 1746 uniuersam
573 1697 679 1746 terram5
692 1724 710 1746 o.
728 1699 768 1746 Et

33 1766 101 1811 sine
126 1764 194 1828 ipso
214 1766 330 1814 factum
348 1771 397 1815 est
414 1767 506 1815 nihil.
532 1767 601 1825 Quod
624 1767 689 1815 idem
716 1773 765 1816 est.

33 1832 248 1898 Quodcunque
271 1836 389 1884 factum
407 1836 482 1900 estl,
500 1853 555 1902 per
573 1838 677 1902 ipsum
699 1838 766 1886 rita

32 1906 108 1964 erat,
127 1907 157 1950 et
173 1904 240 1952 uita
257 1910 325 1954 erat
344 1906 399 1955 lux
417 1907 581 1971 hominum,
601 1907 657 1971 quia
668 1924 711 1972 per
730 1924 767 1957 cr-

30 1976 81 2019 tum
94 1973 144 2036 ejus
157 1989 231 2035 error,
244 1976 285 2038 qui
296 1983 467 2040 praecesserat,
476 1981 630 2042 consumptus
642 1977 767 2042 disparuit.

31 2041 69 2089 Et
91 2041 240 2092 haec'lux
257 2045 289 2092 in
307 2047 454 2095 tenebris
476 2047 605 2095 lucebat
629 2052 659 2094 et
682 2051 767 2095 tene-

31 2112 104 2158 brae
123 2128 187 2160 eam
204 2129 264 2161 nen
283 2114 440 2179 vicerunt,
459 2121 486 2164 ut
501 2122 525 2164 et
537 2116 609 2164 dicit:
630 2117 692 2166 aud
710 2134 766 2165 suos

31 2180 97 2227 venit
109 2185 133 2228 et
145 2181 182 2228 sui
193 2198 240 2230 non
253 2190 396 2249 receperunt
407 2213 425 2234 o.

87 2312 105 2348 1.
119 2311 144 2349 Id
158 2313 196 2362 est,
211 2326 224 2352 a
236 2313 281 2354 Deo
295 2314 373 2355 factum
387 2318 408 2354 et
422 2316 467 2356 Deo
482 2317 615 2367 destinatum,
634 2321 658 2357 ut
675 2318 768 2370 reliquae

32 2374 66 2423 res
77 2365 166 2403 creatae.
177 2365 235 2410 Quae
245 2371 366 2419 sequuntur,
377 2381 403 2408 ex
413 2371 458 2409 eod.
469 2370 485 2408 B
495 2371 550 2410 verti
559 2385 564 2421 3
574 2374 646 2411 textus
654 2372 767 2423 impressus

33 2419 66 2476 lta·
75 2416 163 2456 forsitan
177 2421 302 2460 vertendus:
313 2422 373 2462 Clare
388 2424 448 2463 nobis
459 2424 550 2475 exponit,
560 2426 621 2475 quod,
632 2425 686 2464 sient
695 2427 740 2464 erat
748 2425 767 2464 is

33 2479 67 2517 qur
75 2472 231 2563 epatkppiedmpler),
239 2473 268 2565 ipe
276 2478 297 2514 et
303 2475 468 2526 ipsumVerbum
475 2478 530 2529 apud
536 2478 603 2517 Deum
609 2478 699 2531 (semper
705 2478 767 2532 erat).

99 2551 103 2560 .
175 2535 237 2564 coss.
261 2531 308 2575 ,18.

86 2576 105 2613 3.
116 2577 141 2615 In
151 2578 196 2616 cod.
206 2580 224 2618 B
240 2580 327 2621 Dicente
336 2583 451 2635 Apostolo:
463 2594 471 2615 ιι
481 2585 522 2623 Per
532 2597 579 2624 eum
588 2584 638 2623 fecit
647 2584 768 2624 universam

32 2623 108 2665 terram
121 2650 138 2670 o·
147 2631 234 2683 Reliqua
244 2633 324 2683 desunt,
336 2637 379 2675 sine
390 2638 451 2678 dubio
462 2650 489 2676 ex
498 2638 572 2677 mendo
584 2638 696 2687 scriptoris.
706 2638 767 2678 Unde

35 2678 86 2717 haec
96 2681 160 2721 verba
171 2689 252 2737 sumpta
259 2688 305 2740 siut,
315 2689 395 2740 ignoro·

88 2733 106 2770 4.
120 2733 160 2774 Hie
169 2737 227 2779 loeus
237 2740 257 2779 in
267 2742 402 2782 Diatessaron
413 2757 426 2783 a
435 2744 496 2783 textu
506 2744 587 2783 Graeco
601 2744 663 2782 valde
674 2744 769 2783 diversus

35 2784 89 2824 huno
105 2797 187 2827 sensum
201 2791 278 2834 habet:
293 2795 366 2836 Omnia
379 2809 416 2848 per
431 2798 534 2837 Christum
547 2797 604 2836 facta
617 2809 654 2848 per
664 2797 769 2837 (thristum

35 2838 149 2930 egiaprfftvitta
159 2848 224 2895 erant,
235 2847 247 2885 i.
258 2860 276 2887 e.
288 2849 313 2888 ad
324 2851 388 2890 vitam
398 2864 469 2892 veram
484 2853 505 2889 et
518 2853 673 2902 permanentem
683 2851 739 2892 faeta
747 2852 769 2890 et

33 2904 43 2928 c
58 2904 72 2930 ιι
93 2905 99 2929 1
110 2905 123 2931 u
134 2906 152 2932 a.
