1780 3151
788 96 832 145 111

106 184 171 233 Deus
190 184 277 234 multas
295 184 389 249 aperuit
406 189 487 251 portas
498 184 514 248 ¹,
533 187 559 232 11
576 184 683 233 homines
702 183 771 231 amici
789 183 836 231 Dei

105 255 197 317 fierent,
210 254 270 303 sicut
282 257 403 305 Abraham
416 259 440 302 11
451 255 492 303 1111
504 255 574 303 multi
592 255 661 303 amici
673 254 719 307 Dei
730 253 835 303 fuerunt.

105 324 215 373 Aliorum
228 342 300 390 opera
309 326 329 373 si
338 341 381 375 nos
391 325 497 387 facimus,
510 329 611 389 oportet,
624 329 651 372 ut
663 330 687 373 11
698 340 741 373 nos
752 324 834 386 simus,

105 395 175 443 sicuti
188 395 231 444 1111.
460 436 461 439 ,

175 463 834 530 Ε111111111111ε111111111111111111111111-

106 534 255 584 mittetur
265 536 307 599 -ei,
318 535 374 598 qnia
381 533 498 583 Dominus
510 537 607 598 peccata
616 533 746 581 multorum
759 534 834 595 gratis

106 604 222 653 condonat
236 611 260 654 11
272 605 404 670 baptismus
414 602 464 667 ejus
477 619 577 668 poenam
595 603 745 652 credentibus
758 603 834 666 gratis

107 673 206 723 dimittit
213 675 229 723 2.
242 673 385 739 Hujusmodi
398 677 476 722 antem
488 673 578 722 homini
590 674 721 738 peccatam
729 673 775 721 lrac
786 677 834 721 ter-

107 759 133 790 ra
150 760 194 792 nec
206 745 330 807 Dominus,
348 759 392 791 nec
405 759 473 792 suum
483 744 600 808 baptisma
613 743 717 806 dimittit,
735 759 779 790 nec
791 743 834 791 mi-

106 814 235 862 sericordia
246 814 299 874 Dei,
312 830 372 879 quae
384 814 447 861 mala
464 814 532 863 bonis
551 812 662 878 operibus
675 813 799 862 abscondit
811 817 835 862 et

104 882 129 930 in
141 884 187 932 fine
200 883 311 948 contegit.
323 884 438 932 Dominus
450 899 498 932 non
509 882 577 946 dixit,
590 883 654 947 qnod
669 882 712 931 tali
723 882 834 947 blasphe-

103 969 141 1000 mo
154 970 202 1002 non
213 954 321 1002 redditur
334 959 404 1017 atque
422 953 569 1016 retribuitur,
588 954 630 1002 sed
648 952 711 1019 quod
723 954 797 1016 gratis
810 954 832 1002 11

102 1038 150 1070 non
162 1023 299 1087 remittitur,
311 1023 335 1071 id
348 1028 393 1086 est,
406 1023 427 1071 si
438 1022 517 1071 omnia
527 1024 589 1071 bona
602 1025 678 1087 egerit
691 1027 715 1071 11
726 1024 832 1087 perfece-

103 1093 135 1140 rit
153 1095 232 1141 omnia
249 1093 274 1141 in
287 1093 389 1158 justitia,
407 1098 487 1141 tamen
498 1092 551 1141 fieri
562 1108 610 1140 111
621 1098 707 1158 potest,
720 1098 747 1140 ut
760 1094 782 1141 11
794 1111 831 1142 11-

101 1163 209 1212 mittatur
222 1163 303 1227 gratis,
317 1164 359 1211 sed
370 1163 515 1223 retribuetur
524 1163 546 1210 ei
554 1161 580 1210 in
590 1164 705 1225 gehenna.
717 1163 832 1212 Attamen

102 1230 181 1281 David
191 1233 256 1281 dedit
262 1233 381 1298 justitiam
391 1249 458 1281 suam
467 1248 510 1297 pro
519 1232 653 1296 homicidio,
663 1231 727 1297 quod
735 1233 830 1282 lecerat.

102 1300 257 1351 Gontidentur
269 1303 327 1366 dico,
340 1318 388 1350 non
401 1303 487 1350 dantur
498 1306 601 1366 peccata,
615 1319 674 1366 quae
685 1304 830 1366 apoaniten-

102 1371 136 1419 tia
149 1372 278 1421 excludunt
288 1378 311 1421 et
321 1372 456 1434 excludent,
468 1371 515 1419 nisi
522 1372 567 1419 hoc
576 1372 738 1436 blasphemiae
748 1389 830 1437 pecca-

102 1445 159 1504 tum,
173 1442 229 1507 quia
241 1441 346 1490 1111111
358 1442 497 1506 impediunt,
510 1441 634 1505 quominus
643 1442 713 1490 homo
725 1459 769 1507 per
782 1444 830 1492 alia

102 1526 174 1575 opera
180 1512 346 1573 sanctificetur,
355 1511 389 1560 ita
398 1516 431 1574 ut,
442 1528 514 1575 quum
523 1511 584 1559 illud
594 1511 711 1560 Dominus
721 1513 831 1562 retribuit

102 1580 127 1627 in
140 1583 256 1645 gehenna,
274 1583 319 1630 hoo
331 1582 448 1630 retribuat
465 1580 490 1628 in
508 1596 589 1644 regno.
614 1580 705 1630 Paulus
723 1599 771 1631 non
794 1583 829 1632 ita

101 1649 281 1716 blasphemavit,
293 1655 379 1699 utnon
402 1650 500 1715 ampliss
523 1666 577 1698 eunr
596 1652 736 1714 poeniteret,
761 1654 831 1701 multi

101 1720 164 1769 enim
173 1721 339 1785 blasphemant
356 1724 380 1767 et
397 1725 580 1785 persequuntur,
593 1737 670 1785 neque
687 1726 768 1770 tamen
785 1724 830 1772 hac

100 1792 191 1839 ratione
203 1791 375 1856 blasphemant.

168 1860 256 1909 Diaeus
277 1864 371 1908 autem:
395 1860 465 1908 Erit
482 1876 554 1908 reus
573 1865 780 1925 peccatorum
797 1863 829 1910 in

99 1936 209 1980 aetern
216 1948 232 1978 u
239 1948 269 1993 in,
280 1931 389 1992 asseruit,
400 1930 464 1994 quod
472 1934 568 1995 peccata
578 1931 600 1978 ei
609 1947 657 1979 non
667 1932 825 1981 dimittuntur.

99 2000 160 2049 Vide
168 2000 352 2065 explicationem
359 2000 453 2049 adhaec
461 2003 533 2049 uerba
540 2002 684 2066 adjunctam:
700 2016 709 2039 u
719 2002 828 2051 Sedereus
860 2056 862 2062 ,

154 2160 172 2196 1.
182 2159 199 2196 I.
210 2169 228 2195 e·
238 2158 313 2196 multas
322 2160 342 2196 11
352 2156 419 2195 varias
430 2157 504 2196 obtulit
514 2158 638 2197 occasiones.
650 2157 680 2198 cf.
690 2158 757 2198 icon.
769 2161 800 2207 16,
809 2163 827 2199 9.

153 2214 171 2250 2.
186 2212 261 2251 sensus
274 2212 335 2262 hujus
350 2210 391 2249 loci
405 2222 450 2249 esse
464 2210 558 2250 videtur:
573 2212 697 2262 Blasplremi,
713 2212 738 2251 de
752 2214 827 2263 quibus

100 2266 200 2304 Dominus
209 2266 229 2303 h.
239 2265 251 2302 1.
261 2265 357 2316 loquitur,
364 2276 474 2314 numquam
484 2266 505 2302 et
513 2265 569 2302 nullo
579 2265 639 2304 modo
650 2266 730 2316 plenam
746 2269 767 2304 11
780 2278 826 2316 gra-

98 2320 171 2358 tuitam
179 2317 320 2358 remissionem
327 2319 458 2369 peccatorum
466 2317 574 2368 accipiunt,
585 2318 650 2369 qualis
658 2331 695 2370 per
702 2318 825 2370 baptismum

99 2373 204 2423 decipitur,
214 2375 235 2411 et
245 2372 270 2411 ab
280 2372 324 2423 ipso
335 2370 420 2409 Domine
429 2370 513 2409 interra
523 2371 571 2410 data
581 2372 619 2420 est,
635 2375 655 2410 et
665 2372 730 2422 qualis
745 2373 765 2409 iu
782 2372 823 2411 fine

97 2426 168 2465 electis
183 2426 271 2473 dabitur,
286 2425 323 2463 sed
337 2425 366 2462 eis
380 2423 506 2462 retribuetur
519 2424 540 2462 in
549 2425 649 2473 gehenna.
659 2424 725 2464 Dauid
735 2424 822 2476 quidem,

97 2479 131 2528 qui
145 2480 205 2518 etiam
219 2479 310 2530 graviter
324 2477 424 2528 peccavit,
438 2476 504 2527 potuit
516 2478 617 2528 justitiam
629 2490 666 2528 per
675 2477 822 2528 poenitentiam

95 2544 226 2582 recuperare.
242 2532 338 2571 Similiter
347 2530 421 2579 reliqui
434 2534 555 2580 peccatores
568 2543 605 2581 per
619 2531 765 2582 poenitentiam
775 2540 824 2582 pos-'

97 2586 144 2623 sunt
151 2586 267 2636 justificari.
278 2584 319 2623 Soli
328 2585 362 2621 isti
371 2582 486 2633 blasphemi
494 2584 639 2635 apoenitentia
649 2584 669 2622 11
678 2584 723 2622 ideo
732 2584 823 2624 aramis-

96 2640 153 2677 sione
164 2639 243 2677 exclusi
252 2640 305 2676 sunt.
313 2636 411 2675 Dominus
422 2637 441 2674 h.
451 2637 464 2674 l.
477 2636 507 2675 dis
519 2637 584 2687 iuguit
596 2638 648 2676 inter
662 2637 819 2677 retributionem

95 2696 115 2731 et
124 2693 277 2741 remissionem
289 2690 397 2729 retributio
407 2689 451 2727 sine
462 2690 583 2729 remissione
594 2692 625 2729 est
634 2690 677 2727 istis
688 2689 819 2740 blasphemis,

93 2745 186 2784 remissio
195 2745 279 2795 reliquis
288 2742 432 2795 peccatoribus
442 2744 589 2793 poenitentiam
599 2743 714 2791 agentibus
724 2743 751 2781 111
767 2745 820 2794 puasi

92 2800 199 2848 argentum
209 2800 262 2844 sunt,
273 2798 326 2847 quod
334 2796 462 2846 abstergitur
477 2799 498 2833 et
513 2797 639 2846 purificatur,
657 2796 686 2834 illi
702 2803 817 2847 argentum,

93 2852 146 2902 qnod
154 2851 236 2903 justitio
246 2851 371 2890 vindicativu
381 2851 427 2899 igne
439 2849 546 2888 comburit¹
