1780 3151
92 153 140 202 280

93 239 200 292 inclusae
214 251 269 294 sunt
281 250 378 295 nostrae
398 246 530 309 gratiarum
550 246 657 295 actiones
670 250 694 294 ot
709 244 783 294 multo
797 244 834 293 di-

38 350 40 353 .
95 315 159 360 stant
171 315 200 362 ab
214 316 248 371 eis
262 332 322 380 quae
335 320 361 363 tu
380 317 539 380 praeveniens
555 317 649 365 dedisti.
669 316 722 365 Neo
734 321 834 380 propter

90 380 210 443 justitiam
222 390 287 433 tuam
306 385 354 433 tuis
372 386 567 435 miserationibus
585 387 702 434 terminus
725 389 835 449 ponatur,

94 466 138 498 nee
151 467 204 501 oum
218 455 252 502 eis
271 456 362 518 gratiae
382 459 437 503 tuae
451 456 513 503 dona
532 455 601 504 finem
621 455 732 517 habeant,
748 470 793 502 nee
808 460 834 503 tu

93 520 171 570 minor
184 524 252 572 nobis
265 524 378 588 videaris7
391 525 432 589 qni
444 525 519 589 major
533 542 557 575 es
570 525 638 593 nobis
652 526 667 588 l,
683 524 777 590 quando
798 530 833 573 ta-

94 605 148 638 oere
167 593 259 641 laoies2
278 594 467 643 miserioordiam
487 601 552 642 tuam
570 594 595 641 in
614 595 719 644 uindicta
736 598 790 655 tua,
809 599 833 642 et

93 661 197 721 gratiam
210 667 275 710 tuam
289 663 313 711 in
327 664 435 712 onrsibns
450 664 499 730 suis
511 663 635 729 impedies,
645 664 679 713 ita
690 667 717 711 ut
729 663 832 727 perditio

92 734 176 779 nostra
192 748 242 779 eam
267 734 413 797 praeveniat.
436 735 498 782 Nam
515 734 680 782 miserationes
702 737 756 781 tuae
775 749 833 782 vasa

93 804 150 853 sunt
162 801 254 865 gloriae
266 807 322 851 tuae
341 804 430 852 nostris
444 803 624 852 infirmitatibus
639 804 759 867 adaptata,
771 818 832 866 quae

92 870 161 919 nobis
174 872 314 936 praedioent
326 873 355 920 de
368 873 444 935 bonis,
457 888 517 936 qliae
530 888 544 920 a
556 877 579 920 te
592 873 698 922 veniunt.

164 941 249 1005 Itaque
262 957 404 990 oonoursum
412 943 522 1006 justitiae
537 946 593 990 tuae
605 957 649 1006 per
661 940 832 991 abundantiam

92 1007 176 1057 harum
191 1011 370 1059 miserationum
383 1011 478 1060 irritum
491 1011 544 1061 fieri
554 1016 656 1076 oportet.
668 1012 700 1059 nt
713 1011 775 1059 sie-ut
787 1009 832 1058 ini-

63 1082 65 1084 ’
92 1076 152 1125 tium
165 1080 251 1141 neseis,
265 1081 299 1128 ita
311 1095 355 1128 noo
372 1080 464 1129 finem5
478 1081 582 1143 voeabis,
596 1085 619 1129 et
638 1081 671 1128 sio
690 1080 766 1128 seruis
782 1080 830 1128 tuis

77 1188 78 1191 ,
91 1146 256 1197 misericordia
270 1154 310 1198 tua
322 1150 423 1199 firmatis
443 1155 467 1197 et
485 1151 564 1214 gnatia
576 1155 617 1198 tna
634 1149 771 1198 oonfortatis
787 1165 832 1197 un-

92 1216 163 1281 dique
176 1218 299 1267 tristitiam
312 1219 402 1284 poteris
415 1220 541 1268 seminare.
553 1219 612 1268 Noli
624 1235 682 1283 ergo
695 1223 718 1266 te
734 1218 831 1283 privare

90 1285 160 1334 domo
173 1293 221 1350 tua,
234 1305 282 1352 qua
294 1288 411 1353 dissipata
424 1293 448 1335 et
460 1288 556 1353 perdita
570 1289 679 1337 homines
692 1304 723 1336 ex
736 1288 831 1338 defeotu

90 1354 147 1403 salis
166 1357 242 1406 nostri
261 1358 359 1422 insipidi
379 1358 449 1421 fient3
468 1364 494 1406 tn
513 1358 577 1409 enim
596 1363 694 1422 gustum
717 1357 829 1406 salutaris

90 1427 145 1472 tuae
159 1426 337 1476 misericordiae
350 1428 418 1476 nobis
432 1428 520 1476 dedisti
532 1427 631 1476 disens:
646 1443 655 1466 s
667 1427 773 1475 Mundus
785 1443 831 1491 per

89 1494 191 1556 gratiam
205 1497 368 1546 aedificabitur
381 1523 399 1546 a.
418 1496 483 1546 Num
503 1495 632 1545 minorabis
650 1497 719 1545 nobis
735 1497 829 1545 miseri-

89 1563 193 1614 cordiam
207 1571 281 1629 tuam,
290 1566 335 1630 'qni
348 1566 459 1614 defensor
472 1582 497 1614 es
510 1564 622 1616 utilitatis
640 1571 736 1614 nostrae
747 1566 757 1612 t
773 1566 829 1614 Jam

87 1632 137 1681 rita
149 1635 217 1683 Adae
237 1652 323 1700 praeeo
343 1636 387 1684 fuit
406 1635 584 1685 misericordiae
603 1641 666 1698 tuae,
680 1651 726 1699 qua
744 1635 829 1683 haere-

88 1701 162 1751 deml
175 1704 220 1753 sibi
233 1705 312 1768 potuit
325 1704 448 1766 suscitare,
461 1707 502 1769 qui
521 1704 634 1753 tristem5
648 1706 698 1769 ejus
717 1705 826 1753 haeredi-

86 1775 160 1820 tatem
172 1775 356 1838 promerebimur
370 1774 448 1822 denuo
461 1790 505 1839 per
514 1774 687 1838 poenitentiam
697 1774 722 1821 in
732 1773 827 1822 Adamo

88 1844 192 1891 seeundo
205 1843 303 1892 voluisti
316 1843 439 1907 possidere
452 1844 581 1904 hominem,
595 1844 636 1907 qui
649 1845 693 1891 sub
706 1842 828 1905 unoquet

87 1910 220 1961 descissere
236 1918 335 1961 eonatnr
349 1930 363 1960 a
375 1913 427 1961 oibo
441 1918 489 1975 tuo,
503 1907 544 1977 qui
562 1912 635 1960 uitam
655 1912 705 1977 ejus
718 1916 825 1960 veterem

86 1982 193 2046 entirpat
206 1983 231 2030 in
243 1998 318 2046 regno
331 1986 371 2029 tuo
382 1982 399 2028 ⁷.
419 1981 467 2030 Per
480 1981 669 2031 misericordiam
681 1985 746 2029 tuam
760 1981 824 2031 Abel

85 2050 190 2113 primum
202 2053 226 2100 in
241 2068 294 2100 oroo
308 2051 448 2115 deposuisti,
460 2056 487 2099 ut
505 2067 574 2100 orons
593 2068 636 2115 per
649 2050 768 2116 justitiam
786 2067 825 2099 eo-

86 2124 191 2184 gmetuu,
205 2138 258 2170 euni
272 2121 392 2169 demedio
407 2121 443 2169 sui
455 2122 563 2185 proferre
577 2126 601 2168 et
613 2121 742 2183 dimittere,
752 2124 822 2185 atque

85 2188 134 2251 ejus
154 2206 226 2239 eausa
244 2196 313 2255 porta
332 2191 474 2255 aperiretur,
494 2207 555 2255 quae
575 2206 656 2238 ornnes
680 2189 781 2237 includit
799 2195 823 2238 et

84 2265 240 2325 euacuaretur
262 2263 336 2323 sinus,
350 2260 390 2324 qui
412 2261 521 2309 omnibus
542 2260 674 2324 praevalet.
696 2259 722 2307 Si
742 2259 822 2309 Adam

136 2428 152 2463 1λ
168 2427 223 2464 Deus
235 2438 260 2464 en
270 2427 351 2478 Justitia
361 2427 454 2478 puniens7
466 2428 523 2478 quasi
541 2427 632 2476 [terreatis
649 2427 726 2465 nostris
744 2438 817 2475 provo-

82 2480 140 2517 eatus
151 2482 171 2516 et
181 2480 212 2516 ira
222 2482 322 2527 doviatus„
334 2479 420 2530 ideoque
439 2481 589 2530 [puodammodo
607 2480 666 2518 nobis
683 2479 766 2517 inferior
781 2491 816 2528 pu-

83 2532 121 2569 tari
131 2536 208 2582 posset.

135 2587 152 2622 2.
169 2585 201 2623 Sia
212 2587 231 2622 in
244 2585 287 2623 eod.
298 2585 320 2621 B.
332 2585 355 2622 ln
367 2586 412 2623 aaran.
422 2586 441 2623 Α
451 2585 515 2624 t'also:
529 2597 536 2615 a
544 2586 627 2626 feruere
638 2584 701 2622 tames
711 2606 728 2625 u·

135 2641 152 2675 3.
168 2639 250 2676 aetnam
261 2639 415 2676 miseridordiae
428 2642 482 2676 triete.

134 2693 152 2728 t.
168 2691 245 2741 Nempe
257 2691 369 2729 Christum.

132 2745 150 2781 a.
165 2745 224 2782 Hane
235 2756 306 2781 uoeenr
318 2743 462 2793 explieationis
474 2756 537 2783 ostiisa
548 2743 633 2782 inserui.

133 2798 151 2833 d.
166 2797 243 2846 Nempe
255 2795 292 2834 sub
303 2797 382 2835 Adamo
394 2799 414 2835 et
425 2796 514 2835 Christo.

134 2851 151 2885 l.
167 2850 199 2887 Sir.
210 2850 229 2887 iu
240 2849 284 2887 eod.
295 2850 318 2887 B.
329 2850 353 2887 ln
364 2850 408 2888 eod.
420 2850 438 2888 A
448 2849 523 2889 rerba:
537 2860 545 2880 t
556 2851 579 2889 ln
591 2861 653 2900 regno
664 2852 698 2889 tuo
706 2870 715 2891 a
729 2861 815 2899 sequen-

79 2903 92 2942 ti
104 2903 218 2942 sententiue
231 2902 359 2952 reputantur.
