1780 3151
121 166 167 215 246

120 255 177 304 Dei
195 260 263 304 erat
282 256 336 304 hie.
359 255 495 318 Vidistine,
516 256 629 320 quamdiu
653 257 764 305 tenebrae
789 252 851 304 eirea

71 364 73 370 .
121 326 252 375 exteriores
271 326 351 374 oeulos
370 342 452 374 eorurn
471 326 681 388 eondensarentur,
695 328 805 375 tenebras
821 327 850 373 ab

120 395 273 445 interioribus
292 411 372 444 eornm
386 394 568 459 cogitationibus
586 413 633 444 non
647 412 699 444 esse
718 396 823 445 sublatas
834 395 853 457 ¹,

120 466 176 530 quia
193 466 354 515 obtenebratis
373 465 450 529 saligo
464 470 501 514 est
519 466 641 515 naturalis.
659 464 719 515 illae
737 467 850 514 tenebrae

121 551 161 584 eos
180 535 324 598 (tonuerunt,
343 551 403 600 quae
423 539 486 584 esset
509 535 673 585 obtenebratio
696 536 761 586 iilius
785 535 851 597 sotis,

121 621 192 670 quem
205 606 268 655 eruoi
287 606 420 654 affixerant.
441 606 540 664 Quande
558 606 593 654 se]
607 606 715 671 justitiae
734 621 851 670 apparue-

120 679 164 738 rat,
177 675 285 740 leprosos
305 675 421 724 inundans
443 680 467 723 et
484 680 607 724 caesorum
629 675 708 724 oeulos
732 675 853 740 aperiens,

120 761 163 809 per
175 745 246 794 istam
264 747 342 794 iuueni
358 746 422 794 oaesi
439 761 487 793 non
503 752 665 809 cognoverunt
683 761 765 810 regern
782 745 850 792 urbis

120 815 321 880 Ierosolyrnorum
333 816 434 864 uenisse.
448 814 525 873 Quum
540 821 619 865 autem
633 817 667 866 eis
680 816 715 864 soi
733 814 853 863 naturalis

122 886 255 949 defecisset,
268 891 324 934 tune
335 902 378 950 per
390 886 448 934 istas
466 888 578 935 tenebras
597 887 631 935 eis
648 886 753 935 tucidum
771 885 853 946 fiebat,

122 956 241 1003 exeidiurn
254 956 320 1004 urbis
333 970 389 1003 suae
402 954 534 1004 advenisse.
550 972 559 994 o
570 956 702 1019 Venerunt,
712 956 752 1018 ait,
761 954 854 1020 juditia.

121 1025 247 1073 dirutiouis
265 1023 464 1088 ierosolymorum
477 1050 487 1073 1
499 1024 515 1072 2.
535 1026 596 1085 Quia
613 1026 693 1090 itaque
711 1026 770 1074 haee
793 1026 851 1074 urbs

120 1110 168 1143 nen
180 1095 271 1160 reeepit
283 1111 336 1142 enin
350 1094 390 1158 qui
408 1110 459 1141 eain
477 1094 649 1159 aedifioaverat,
664 1096 770 1144 restabat
783 1095 813 1158 ei,
825 1098 851 1142 ut

121 1164 214 1214 ruinani
228 1182 294 1213 suain
308 1164 425 1213 uideret⁵¹

190 1235 237 1283 Sed
246 1236 271 1282 in
282 1235 388 1283 futurum
399 1249 429 1281 ne
441 1234 486 1281 boo
498 1234 592 1298 quidem
608 1234 659 1297 tibi,
669 1250 682 1281 o
697 1234 798 1297 Judaee,
813 1249 850 1281 re-

120 1308 168 1352 stat
180 1305 269 1366 videre,
282 1305 338 1369 quia
350 1305 433 1352 urbem
446 1308 511 1350 tuain
525 1305 576 1369 jain
589 1305 693 1353 dirutam
706 1308 730 1352 et
742 1305 849 1352 destrue-

119 1379 168 1422 tani
189 1375 277 1423 vidisti.
299 1375 363 1437 Ergo
377 1389 430 1420 euni
450 1375 508 1422 urbs
527 1379 568 1422 tua
589 1374 668 1423 diruta
685 1378 708 1422 et
729 1373 851 1421 destructa

123 1445 153 1492 sit
163 1444 180 1506 ¹³,
194 1461 208 1492 a
221 1444 300 1493 diruta
312 1448 336 1492 et
348 1444 469 1491 destructa
482 1448 523 1492 tua
535 1446 593 1493 urbe
608 1444 680 1506 disee,
693 1443 746 1508 qius
757 1443 798 1491 iile
812 1442 853 1505 sit,

122 1514 162 1577 qui
175 1514 299 1563 ecetesiam
311 1513 434 1577 plantavit.
447 1512 480 1561 Et
492 1529 522 1562 ex
536 1530 562 1562 eo
575 1515 638 1579 quod
650 1514 693 1562 fini
705 1512 771 1562 urbis
783 1514 850 1560 Ieru-

120 1583 196 1631 salem
208 1584 232 1631 in
245 1599 327 1632 ornnes
339 1583 445 1631 nationes
464 1584 571 1647 gentium
584 1583 686 1648 dispersi
699 1588 723 1631 et
741 1582 849 1646 dissipati

120 1658 183 1715 sunt,
196 1653 268 1715 disee,
281 1652 334 1717 quis
352 1652 393 1700 dle
407 1652 445 1715 sit,
459 1653 499 1716 qui
517 1669 598 1701 ornnes
616 1654 724 1702 nationes
742 1652 849 1716 gentium

118 1722 142 1770 in
162 1724 216 1772 sinu
235 1721 347 1771 eoelesiae
367 1721 463 1785 eodlegit
477 1728 500 1771 et
518 1724 680 1787 congregavit.
700 1724 725 1772 Si
740 1722 784 1770 tibi
801 1737 849 1770 non

118 1794 248 1856 persuadet
269 1793 334 1840 sinus
352 1793 483 1854 inaritatae,
496 1809 556 1857 qirae
576 1793 665 1841 semine
684 1795 767 1842 orbata
786 1795 823 1839 est
832 1790 853 1853 5„

118 1862 162 1911 tibi
179 1863 323 1927 persuadeat
341 1862 407 1909 sinus
426 1862 522 1924 sterilis,
542 1879 602 1927 quae
621 1862 745 1925 gravidata
761 1861 850 1909 foetum

118 1937 198 1994 portat
207 1933 224 1980 ⁶.
238 1934 272 1981 nt
285 1932 305 1979 si
318 1931 503 1979 destruetionern
516 1935 540 1979 et
558 1932 652 1979 ruinani
670 1931 735 1979 iliius
753 1945 800 1977 non
812 1931 847 1978 ui-

119 2002 168 2064 des,
187 2002 275 2049 foetnin
289 2016 381 2064 quoqne
401 2006 424 2049 et
441 2005 536 2065 partum
555 2001 625 2066 hujus
643 2000 685 2049 vix
702 2000 802 2069 videbis.
822 2001 847 2049 Si

117 2087 174 2119 vero
191 2071 257 2119 iiiam
283 2070 427 2118 destruetarn
446 2074 469 2117 et
487 2071 608 2119 viduatam
625 2070 707 2133 vides,
725 2085 804 2118 nonne
824 2074 848 2117 et

117 2140 178 2188 bane
196 2142 331 2189 maritatam
345 2144 368 2188 et
385 2140 441 2188 filiis
454 2145 547 2189 anetam
559 2140 669 2190 videbis?
682 2140 745 2199 Quid
756 2139 801 2187 tibi
812 2139 847 2188 vi-

116 2210 184 2260 detur
197 2211 269 2260 istum
287 2210 364 2258 loonio
384 2210 521 2274 Seripturae
540 2210 645 2275 legenti:
660 2225 670 2248 o
685 2210 771 2258 Plures
788 2209 845 2257 faeti

116 2285 172 2329 sunt
189 2280 233 2329 tilii
251 2280 373 2342 viduatae,
393 2296 463 2344 quarn
482 2280 625 2329 maritatae„
636 2279 653 2328 ⁷.
672 2279 742 2328 Etsi
759 2294 847 2328 sensus

168 2450 185 2486 1.
200 2449 217 2486 Ι,
228 2461 245 2486 e.
256 2449 324 2487 subito
333 2462 373 2487 non
384 2452 431 2487 sunt
441 2450 541 2488 subrutae.
551 2451 612 2489 dioilo
623 2451 676 2488 enirn
688 2448 751 2487 dixit:
766 2448 842 2487 obdens

114 2514 183 2539 eorum
194 2502 323 2552 paullatim
330 2523 338 2542 o
351 2503 418 2552 eoepit
428 2503 543 2541 illuminari.

166 2555 184 2592 2.
199 2554 229 2592 Of.
239 2555 290 2592 Dnu.
300 2557 318 2601 9,
329 2557 340 2591 2
351 2555 382 2592 vei
391 2555 443 2594 Dor.
454 2558 471 2605 d,
482 2558 514 2595 26.

165 2610 183 2645 3.
198 2607 267 2646 Verba
277 2609 338 2659 hujus
348 2609 461 2646 sententiae
471 2609 500 2648 sio
510 2622 532 2647 se
543 2609 632 2647 habent:
642 2608 699 2648 Haste
716 2609 779 2658 igitur
792 2606 840 2645 urbs

113 2674 153 2700 non
161 2662 252 2711 suscepit
261 2674 306 2699 euni
317 2662 350 2710 qui
361 2673 404 2697 euni
415 2663 566 2709 aedifieaverat,
576 2662 640 2701 instat
649 2663 686 2702 tibi
695 2662 772 2710 videre,
786 2660 842 2711 qrrod

111 2716 132 2753 te
142 2714 239 2753 eradieat.
250 2715 268 2753 ὅ.
279 2718 352 2752 auster
360 2713 436 2752 ultiniis
446 2714 515 2753 uerbis
526 2715 597 2753 urbem
607 2716 682 2767 alloqui
692 2716 780 2755 videtur.

164 2771 182 2805 t.
199 2767 255 2807 Haeo
267 2767 370 2805 sententia
381 2780 407 2806 ex
416 2766 460 2806 eod
470 2769 486 2806 B
497 2769 575 2808 inserta
585 2771 624 2808 est.

163 2821 182 2859 5.
197 2820 214 2857 I.
225 2830 242 2858 e.
252 2821 366 2871 Syriagoge.

162 2877 179 2912 G.
194 2873 210 2910 Ι.
221 2886 238 2911 o.
249 2874 348 2912 Ecclesia·

162 2929 180 2964 Τ.
195 2926 244 2966 Gne.
254 2929 273 2978 4,
283 2929 307 2966 27
319 2926 447 2978 1111511.
