1780 3151
782 100 827 148 141

90 187 136 252 010,
146 193 171 238 00
182 206 213 239 ex
225 191 361 255 ignorantia
372 192 397 240 10
410 207 491 242 errore
503 193 650 252 uersaretur,
660 188 702 239 000
715 190 786 238 simul
799 189 829 237 ad

90 259 250 321 cognitionem
262 263 372 311 ueritatis
385 278 437 310 eam
451 262 540 310 0100010
559 262 593 310 100
605 266 693 324 tamen,
706 264 737 313 ut,
745 259 829 325 00010-

90 327 133 375 tim
142 330 252 379 velamen
262 349 275 379 a
289 332 359 380 00000
370 332 420 395 ejus
434 331 599 380 0000000001
612 331 716 380 animab
724 330 793 379 initio
807 330 829 377 ei

89 398 215 448 manifeste
234 401 343 463 01010000,
357 416 449 456 000000
464 399 595 461 Christum,
607 400 694 449 mulier
713 417 767 449 eum
785 402 828 448 ab·

88 466 230 535 horruisset,
242 486 287 518 000
307 487 352 535 000
373 469 549 517 1000100010000
562 473 586 515 00
604 469 735 518 doctrinam
757 470 828 518 01001-

89 536 148 600 pula
168 539 219 603 ejus
240 540 302 588 facta
324 544 394 588 esset.
414 538 446 587 Si
464 540 568 587 scires
588 554 654 586 eum
673 538 828 602 00101010

89 606 158 669 tibi,
178 609 308 657 0001101
334 609 467 672 tle-aqua
493 608 557 656 ista
584 608 620 655 00
647 607 826 668 bibendum,

90 679 122 723 tu
141 677 302 740 petiisses
321 680 357 727 ab
377 694 417 726 00,
442 678 533 726 Dicit
557 678 678 726 00000
696 677 826 726 mulier:

89 744 240 795 Tibicen
259 752 307 797 000
334 748 437 796 010010
455 753 486 796 00
506 752 622 811 000000
648 747 827 811 profundus

89 818 144 864 est.
162 816 227 865 Dicit
245 818 281 865 ei:
300 818 356 866 11100
374 833 460 881 aquae
478 816 544 864 coelo
563 816 693 864 descendit.
711 816 828 865 Doctrina

88 901 175 948 nempe
189 890 226 934 est
245 903 326 935 rerum
347 887 493 949 sublimium,
514 890 584 950 00000
606 885 724 947 coelestis,
737 901 768 935 ex
781 901 828 949 quo

88 954 130 1018 qui
141 955 234 1018 bibunt,
247 956 350 1021 amplius
371 956 525 1004 0000101000.
546 956 616 1004 Unus
636 961 673 1003 000
692 956 827 1019 baptismus

90 1025 246 1073 credentium.
261 1025 319 1083 Qui
337 1026 470 1075 bibitex
488 1027 545 1075 000
564 1041 649 1089 aqua,
664 1041 752 1089 quam
770 1040 827 1087 ego

90 1093 118 1141 01
137 1094 302 1157 0000,000
321 1095 464 1143 01010010
492 1099 664 1143 aeteruum.
683 1094 771 1142 Dicit
789 1094 826 1142 ad

90 1179 156 1210 eum
174 1163 307 1213 mulier:
334 1164 473 1227 Domine,
492 1165 528 1212 <la
553 1164 630 1213 mihi
650 1180 693 1218 ex
719 1163 783 1211 ista
801 1181 826 1212 a·

90 1248 156 1296 qua,
175 1249 211 1280 00
230 1233 346 1297 sitiam,
364 1250 420 1281 000
438 1234 503 1282 0110
527 1233 596 1282 uice
615 1233 651 1281 ad
674 1233 755 1281 0000
775 1249 826 1299 00-

88 1306 172 1350 teum
189 1305 320 1364 reniam,
339 1308 372 1351 ut
391 1319 426 1351 ex
445 1319 477 1350 eo
496 1319 604 1367 aquam
624 1302 777 1351 hauriam.

87 1426 89 1429 ¹
157 1371 246 1419 Dicit
274 1373 302 1419 01
321 1389 326 1419 :
346 1365 455 1434 Varie,
482 1388 558 1421 0000
585 1372 622 1419 ari
648 1387 692 1418 me
722 1372 825 1421 010001

87 1443 179 1487 tuum.
199 1440 298 1489 Portam
320 1442 366 1490 sibi
387 1442 493 1505 aperuit,
515 1446 542 1495 00
568 1444 682 1504 tanquam
708 1442 827 1505 propheta

89 1509 229 1557 abscondita
242 1512 263 1558 01
276 1512 420 1559 ostenderet.
435 1511 579 1575 Quinque
591 1510 680 1558 01000
699 1525 825 1559 commu-

87 1579 174 1641 tasti,
203 1584 232 1626 00
258 1596 346 1643 quem
372 1596 453 1627 0000
479 1581 583 1641 00000,
611 1595 671 1627 000
699 1584 748 1626 000
774 1581 823 1628 010

87 1651 167 1696 tuus.
194 1648 283 1696 Dicit
302 1649 330 1696 01
355 1650 489 1697 mulier:
514 1647 657 1712 Domine,
685 1648 762 1697 mihi
783 1649 824 1698 01-

88 1717 188 1780 detur,
206 1722 236 1764 00
261 1733 331 1766 0000
359 1718 556 1782 prophetam.
587 1717 639 1776 Quo
661 1717 823 1766 010001001-

87 1785 174 1834 tiorem
196 1787 297 1849 gradum
319 1803 371 1835 eam
402 1787 489 1836 evexit.
523 1787 637 1835 Patres
664 1788 770 1836 nostri
792 1787 824 1835 in

87 1854 144 1904 hoc
173 1861 277 1904 monte
309 1857 535 1905 adorauerunt.
565 1857 749 1920 Respondit
780 1859 823 1905 ei:

87 1925 151 1973 Nec
168 1926 200 1973 10
218 1926 274 1973 hoc
299 1930 409 1992 monte,
434 1941 490 1974 000
508 1926 538 1973 10
556 1926 748 1987 Jerusalem,
770 1927 824 1975 000

86 1994 370 2044 reri'adoratore's
389 1996 420 2043 10
445 1995 567 2058 0010100
586 1999 616 2042 00
634 1995 777 2044 veritate
799 2013 824 2044 0-

87 2063 252 2112 010000000,
268 2064 314 2112 His
327 2065 408 2114 000010
421 2065 451 2111 ari
463 2065 635 2127 perfectionem
650 2080 702 2111 eam
715 2064 823 2113 (1000010.

85 2132 162 2180 Porro
183 2134 227 2181 hoo
249 2133 357 2195 0101000
377 2134 522 2195 ostenderet,
543 2133 605 2180 lianc
628 2133 755 2182 mulierem
776 2151 824 2182 000

88 2218 140 2250 0000
162 2207 251 2250 terram
271 2202 396 2250 000000001
419 2202 500 2266 sicque
521 2217 565 2266 per
584 2217 637 2249 earu
650 2219 722 2266 quam
741 2204 786 2251 sibi
799 2205 824 2251 in

86 2271 250 2320 testimonium
263 2276 433 2335 assumpserat,
445 2272 568 2328 indicavit,
582 2287 665 2319 semen
684 2289 753 2321 suum
769 2289 823 2321 oen-

82 2341 196 2389 tesimam
215 2357 319 2389 messem
341 2340 419 2399 00000.
440 2340 505 2388 Dicit
517 2339 618 2388 mulier:
638 2341 717 2388 Ecce
736 2341 823 2389 Chri-

87 2415 157 2458 stus
175 2411 271 2473 renit,
291 2415 321 2458 et
339 2410 365 2458 01
383 2411 525 2472 0000010,
544 2410 645 2458 omnia
662 2411 754 2459 00010
776 2411 823 2459 00-

80 2479 554 2544 010.1)101001;11000010,001
579 2480 692 2542 loquor
712 2483 822 2528 tecum.

86 2547 168 2596 Siren
189 2565 215 2597 00
227 2553 260 2611 00,
282 2565 356 2613 quare
371 2565 458 2612 aquam
470 2565 484 2596 a
498 2565 537 2596 me
559 2548 671 2613 petiisti?
692 2550 731 2597 Ab
745 2549 822 2597 initio

76 2617 166 2682 ‚itaque
179 2618 292 2682 colloquii
303 2634 430 2683 personam
443 2634 511 2667 suam
524 2618 606 2667 01000
625 2618 776 2667 0001100000
788 2620 823 2668 10-

140 2795 158 2832 1.
171 2794 324 2835 1001000013.
338 2797 364 2836 10
379 2797 424 2838 000.
432 2798 463 2837 A:
478 2797 563 2836 Terram
583 2794 678 2846 opimam,
696 2806 749 2845 quae
760 2794 822 2834 100010

86 2848 194 2887 contextui
204 2849 307 2888 contraria
317 2852 355 2892 000.
