1780 3151
749 110 797 158 239

59 198 152 263 plicans
170 201 288 266 propheta
307 200 377 266 regni
392 200 489 251 Domini
501 199 589 251 fiebatl
606 198 701 248 dicens:
718 197 796 247 Num

62 285 117 333 ego
136 286 242 334 regem
259 276 402 321 vestrum
420 273 451 319 in
469 287 592 320 crucem
610 268 718 334 agam?
740 267 795 332 My-

60 339 160 387 sterium
173 341 306 404 sauguinis,
318 341 359 404 qui
370 342 446 405 portis
458 357 539 389 eorum
558 341 740 405 aspergebatur,
752 354 795 387 an-

58 409 140 471 gelum
158 407 306 459 mortiferum
326 414 349 457 et
366 411 514 473 perditorem
531 412 560 459 ab
580 410 614 458 eis
626 411 730 458 arcebat.
753 407 794 457 Ad

57 478 121 526 huno
133 483 213 528 autem
225 496 314 543 agnum
326 494 410 527 rerum
423 495 478 527 suas
491 478 652 544 blasphemias
671 482 795 527 couverte-

57 552 121 610 runt,
135 564 209 613 eoque
228 549 355 615 repudiato
372 546 509 598 Barabbam
526 547 669 596 homicidam
688 547 733 596 sibi
750 562 793 613 po-

56 617 183 666 stularunt.

127 687 189 746 Quia
205 688 375 737 vestimentum
392 703 541 753 purpureum
559 680 689 735 Dominum
706 686 792 734 indue-

55 760 118 819 runt,
130 757 169 805 hic
188 757 286 805 sustulit
303 773 406 821 regnum
424 756 508 806 lsrael.
527 756 654 819 Quumque
675 772 729 803 eum
746 756 792 803 ite-

54 841 108 872 rum
127 826 284 889 denutdarent,
299 827 452 876 manifestum
469 826 533 889 fecit,
552 826 615 890 quod
635 828 737 874 mortem
756 824 792 872 eis

52 895 208 958 relinqueret.
222 896 298 944 Porro
311 913 418 961 purpura
430 912 484 944 eum
502 895 641 958 induerunt,
653 894 716 959 quia,
729 893 793 941 sicut

52 979 105 1012 eum
124 969 223 1029 propter
241 965 332 1014 tributa
350 965 556 1015 calumniabantur
574 964 697 1012 dicentes:
718 978 728 1002 (ί
742 963 791 1012 Hic

50 1033 163 1096 prohibet
180 1034 271 1083 tributa
290 1036 347 1084 dare
360 1035 460 1083 Caesari
472 1062 481 1085 s
492 1035 510 1096 2,
528 1034 600 1082 itaet
615 1037 714 1098 propter
731 1048 790 1096 pur-

51 1118 137 1165 puram
154 1104 284 1152 uolucrunt
302 1120 357 1152 eum
375 1105 482 1153 occidere
510 1103 631 1152 dicentes:
652 1102 744 1163 “Ecca
763 1117 790 1150 sc

51 1171 129 1236 ipsum
145 1173 170 1220 in
188 1188 290 1236 regnum
309 1174 411 1223 intrudit
422 1201 441 1224 a.
460 1174 539 1232 Quum
557 1177 659 1222 mortem
679 1172 701 1219 ei
718 1187 788 1236 para-

50 1246 112 1304 rent,
125 1242 307 1306 prophetarunt,
320 1248 383 1291 utet
396 1242 507 1307 Caiphas.
520 1243 553 1291 Et
570 1243 596 1290 in
614 1257 731 1290 corona
749 1238 787 1288 en

51 1311 162 1374 spinis,
174 1312 200 1358 in
212 1310 263 1375 ejus
276 1312 412 1360 irrisionem
428 1316 579 1376 praeparata,
589 1311 735 1360 contrarium
748 1324 788 1357 acn

50 1380 108 1427 cidit
120 1384 144 1427 et
157 1397 238 1428 eorum
251 1382 380 1430 infidelitas
393 1383 418 1429 in
430 1384 519 1430 bonum
532 1397 648 1430 conuersa
663 1384 706 1441 est,
718 1379 787 1427 vitle-

49 1447 113 1511 licet,
126 1453 153 1496 ut
170 1467 214 1514 per
233 1466 285 1498 eam
303 1451 413 1499 inimicus
431 1452 577 1512 uinceretur,
595 1451 653 1515 quia
668 1448 787 1497 Dominus

48 1533 92 1580 per
118 1535 186 1566 suam
206 1535 317 1568 coronam
341 1520 439 1568 sustulit
462 1520 591 1569 maledicta
611 1519 679 1568 Adae
697 1518 786 1583 primi:

50 1600 59 1623 α
78 1587 165 1652 Spinas
185 1592 209 1635 et
226 1590 327 1638 tribulos
346 1590 390 1638 tibi
409 1589 575 1653 germinabit„
587 1589 610 1638 ⁵.
635 1590 674 1637 ut
695 1603 785 1652 spue-

48 1661 122 1704 runt
143 1658 304 1706 infaciem
323 1675 335 1706 e
340 1660 374 1723 ju
382 1675 400 1720 s,
421 1658 462 1723 qui
476 1658 608 1707 insufflavit
620 1658 654 1706 eis
669 1655 785 1723 Spiritum
837 1655 838 1658 ’

47 1730 161 1774 sanetum.
180 1727 348 1778 Dederunt
366 1728 555 1775 arundinem
569 1727 703 1776 inmanu
716 1727 784 1792 ejus,

47 1794 103 1857 quia
121 1795 238 1843 Dominus
257 1802 308 1845 erat
325 1797 425 1845 baculus
444 1800 581 1845 sustentans
599 1797 724 1858 mundum,
743 1796 785 1861 qui

48 1869 168 1927 senuerat,
181 1866 242 1912 etin
257 1882 284 1913 eo
296 1867 447 1915 fulciebatur.
465 1868 497 1914 ut
513 1866 573 1914 sicut
592 1866 709 1914 arundine
728 1881 783 1913 oon-

48 1932 174 1983 firmantur
188 1938 211 1982 et
223 1940 289 1983 ratae
302 1936 362 1984 fiunt
375 1936 507 1984 sententiae
516 1935 633 1999 judicum,
645 1935 680 1983 ita
698 1938 722 1981 et
735 1934 784 1983 Do-

46 2002 126 2050 minus
138 2018 182 2066 per
195 2005 337 2053 arundinem
350 2005 446 2069 scripsit
459 2010 483 2053 et
495 2005 564 2069 ejecit
577 2021 590 2053 e
603 2005 672 2053 domo
686 2020 729 2053 sua
738 2004 756 2052 l.

116 2071 213 2130 Quum
236 2074 334 2121 Judas
362 2075 497 2135 videret,
525 2073 692 2125 Dominum
717 2086 781 2123 esse

47 2140 297 2206 condemnatum,
316 2147 406 2191 actus
425 2143 535 2191 dolore
553 2143 635 2191 obiit
651 2147 681 2190 et
699 2146 782 2191 retu-

44 2208 85 2256 lit
103 2209 245 2272 triginta
271 2216 445 2276 argenteos
472 2212 507 2260 acl
534 2211 722 2259 sacerdotes
751 2217 781 2260 et

46 2279 264 2343 aittPcooaui,
283 2282 357 2345 quia
375 2281 560 2345 sanguinem
574 2281 696 2345 justum
720 2284 781 2330 tra-

46 2347 121 2396 didi.
148 2348 266 2398 Dicunt
293 2351 336 2398 ei:
354 2351 423 2400 Non
450 2355 498 2399 est
523 2351 615 2399 nobis
640 2365 721 2414 cura,
748 2355 782 2399 tu

45 2419 139 2467 nosti.
152 2418 343 2485 Etprojecit
361 2424 529 2484 argentum
542 2420 573 2468 in
586 2420 737 2483 templum
751 2424 781 2468 et

96 2587 114 2623 1.
128 2586 197 2625 Locus
208 2601 234 2627 cx
247 2589 291 2629 eod.
300 2589 323 2627 B.
334 2589 462 2628 emendatus.

95 2640 114 2676 2.
129 2638 179 2676 Luc.
190 2642 222 2689 23,
233 2644 252 2680 2.

96 2693 115 2729 3.
130 2691 179 2729 Gnu.
190 2694 208 2742 3,
219 2696 250 2732 19.

95 2746 113 2781 4.
128 2744 161 2782 Ita
169 2745 220 2784 haec
231 2746 335 2787 sententia
343 2747 365 2786 iu
375 2747 419 2788 eod.
434 2749 451 2786 B
470 2747 565 2787 habetur.
575 2746 647 2786 Lectio
665 2743 710 2785 cod.
720 2745 739 2783 A
749 2744 779 2784 sio

41 2796 95 2887 ἔεήί
105 2798 185 2847 potest:
198 2808 206 2829 ‘t
215 2799 249 2839 Ita
259 2803 280 2839 et
293 2801 400 2840 Dominus.
409 2801 535 2840 seutentiam
545 2800 629 2853 scripsit
639 2801 660 2841 et
669 2799 738 2840 emisit
752 2811 780 2839 ex

56 2860 101 2888 omo
113 2861 150 2888 sua
160 2871 177 2890 u·
