1780 3151
279 576 492 612 Drilrnssnuos
520 579 653 611 Turrani,

173 719 316 785 Tatianum,
335 724 450 773 famosum
470 723 558 772 sacculi
577 723 675 772 secundi
692 726 746 787 post
765 719 835 772 Ohrt

101 803 165 847 stum
177 801 376 866 haeresiarcham,
390 820 419 852 ex
430 808 531 868 quatuor
543 802 682 866 Evangeliis
694 817 766 849 unum
780 817 834 848 con-¹

101 877 193 943 iecisse,
212 883 249 929 oui
267 898 353 930 nomen
372 883 437 931 dedit
457 898 466 920 r
479 883 634 931 Diatessaron
647 910 665 945 a,
684 896 727 929 seu
746 883 770 927 τὸ
790 876 831 927 aa

101 963 213 1028 τεσσάρων
234 963 384 1027 aalysiae,
397 968 482 1012 testem
494 962 633 1027 primarium
649 960 712 1025 apud
729 959 834 1008 Graecos

103 1038 217 1090 hahemus
236 1043 406 1093 Eusebium
425 1033 737 1104 Cacsa'r·eensem,qrri
755 1040 780 1087 in
797 1038 832 1086 hi-

102 1121 176 1168 storia
189 1121 349 1171 ecclesiastica
368 1139 418 1186 cap.
431 1124 453 1184 4,
468 1124 497 1171 29
510 1122 568 1170 haec
586 1122 675 1170 refert:
696 1135 705 1157 a
718 1118 833 1166 Tatianus

102 1201 297 1263 compositionem
309 1206 333 1249 et
346 1201 516 1264 collectionem,
528 1200 607 1248 nescio
621 1199 745 1264 quomodo,
754 1199 833 1246 hluan-¹
858 1241 860 1245 ,

102 1279 221 1341 galiorum
251 1282 386 1343 contexuit,
410 1297 482 1345 quiam
506 1280 661 1329 Diatessaron
694 1277 832 1326 nominauit.

101 1357 169 1415 Quod
183 1374 242 1422 opus
256 1376 269 1406 a
282 1359 423 1423 quibusdam
437 1359 564 1407 etiamnum
582 1360 684 1407 hahetur
696 1385 714 1407 a.
733 1357 832 1412 Ensehij

100 1437 263 1486 testimonium
288 1439 412 1487 confirmat
435 1438 637 1502 Epiphanius
656 1437 681 1484 in
704 1452 776 1501 opine
803 1437 832 1484 de

99 1515 238 1566 haeresibus
252 1519 300 1582 (slss,
316 1519 347 1581 1),
360 1519 405 1566 hoo
417 1535 490 1565 riuum
509 1517 649 1582 adjungens,
663 1516 758 1565 Tatiani
775 1516 832 1563 Dia-

99 1597 208 1644 tessaron
221 1614 235 1646 a
247 1598 369 1646 nonnullis
383 1596 542 1660 Evangelium
562 1597 690 1645 secundum
708 1596 831 1644 Hebraeos

98 1680 261 1740 nuncupatum
280 1691 339 1723 esse.

168 1757 220 1805 Hoc
238 1755 334 1804 Tatiani
353 1772 412 1821 opus
431 1755 660 1816 Theodorotus,
679 1753 737 1816 Gyri
755 1768 829 1816 prope

38 1902 40 1906 λ
97 1836 238 1899 Euphraten
250 1837 382 1901 episcopus,
396 1837 421 1884 in
434 1851 505 1899 opere
516 1835 545 1882 de
558 1834 644 1883 fabulis
655 1833 830 1882 haereticorum

98 1914 131 1976 (l,
147 1914 188 1975 20>
204 1913 301 1962 uberius
321 1914 434 1962 describit
453 1912 548 1961 dicens:
564 1911 700 1960 “Tatianus
718 1911 829 1974 Evange-

98 1991 165 2054 lium,
184 1993 247 2056 quod
257 1993 413 2042 Diatessaron
431 1992 524 2054 (licitur,
544 1991 682 2056 composuit,
701 1992 829 2055 amputatis

98 2072 245 2135 genealogiis
259 2077 282 2119 et
295 2072 348 2121 aliis
361 2072 477 2134 omnibus,
490 2088 550 2136 quae
568 2071 697 2119 Dominum
711 2087 741 2119 ex
760 2071 829 2119 semi-

98 2168 128 2200 ne
142 2152 221 2200 David
234 2153 364 2200 secundum
378 2169 473 2201 carnem
485 2157 567 2200 natum
580 2152 714 2201 ostendunt.
727 2151 779 2210 Quo
791 2152 829 2200 usi

98 2236 154 2279 sunt
167 2247 214 2279 non
228 2231 303 2293 modo,
317 2232 357 2295 qui
371 2232 422 2295 ojus
436 2236 505 2280 eraut
517 2236 602 2294 sectae,
613 2232 655 2280 sed
666 2231 684 2279 ii
696 2231 776 2294 etiam,
789 2231 829 2295 qui

96 2310 237 2376 Apostolica
255 2310 366 2373 dogmata
384 2313 552 2375 sequebantur,
572 2309 748 2374 compositionis
766 2310 829 2358 frau-

96 2392 150 2439 rlem
169 2407 216 2439 uon
236 2396 412 2453 cognoscentes,
425 2392 467 2439 sed
486 2390 617 2455 simplicius
635 2395 747 2453 tauquam
765 2404 828 2437 com-

95 2471 219 2534 pendiario
233 2470 295 2518 lihro
308 2476 410 2519 utentes.
430 2472 520 2519 Nactus
540 2485 592 2518 sum
604 2470 676 2528 ctiam
689 2469 741 2532 ipse
753 2469 827 2518 libros

95 2550 231 2614 hujusmodi
245 2566 318 2613 supra
331 2551 452 2612 (lucentcs,
465 2550 490 2597 in
501 2550 590 2598 honore
610 2548 703 2597 habitos
715 2549 740 2597 in
754 2550 827 2599 ecole-

96 2631 137 2679 siis
151 2633 246 2693 nostris,
266 2645 324 2695 quius
344 2647 425 2678 omncs
443 2631 468 2678 in
486 2647 559 2678 unum
577 2633 702 2692 congestos
723 2631 826 2696 seposui,

96 2716 120 2759 et
138 2728 180 2776 pro
202 2713 238 2759 his
257 2716 358 2776 quatuor
380 2712 589 2775 Euangelistarum
608 2710 732 2773 euangelia
752 2712 826 2761 intro-

94 2792 153 2839 duxi
166 2818 183 2840 s.

163 2870 252 2934 Aliud
277 2873 373 2934 Syros
404 2870 481 2935 prium
512 2870 540 2917 (le
566 2870 703 2921 Diatessaro
731 2871 824 2927 Tatiani
