1780 3151
756 160 790 190 VII

55 233 196 281 meutarium
218 233 243 280 in
265 231 423 279 Diatessaron
445 230 546 292 Tatiani,
565 229 647 278 multis
668 231 789 295 fiunisque

55 312 186 378 rationibus
198 311 295 377 probari
308 313 394 373 potest.
668 307 671 313 ⁴

125 388 254 453 Inscriptio
268 387 338 450 lnq'us
351 387 430 450 operis
439 387 467 448 in
481 387 577 435 laudata
590 389 692 438 editione
703 391 789 440 Arme-

57 470 123 516 niaca
144 469 202 515 haec
216 471 267 515 est:
289 466 505 530 vEvangelii
530 470 791 520 concordantis·

56 545 250 611 expositio,
271 546 366 593 facta
385 562 399 593 a
417 545 655 612 sEphraemo,
675 549 787 597 docto-

54 642 88 674 re
107 626 171 690 Syr
181 642 194 673 0
204 654 222 678 n.
243 626 317 693 Cujus
336 626 497 692 inscriptionis
516 626 642 676 veritatem
661 628 738 677 multa
752 630 788 679 in*

55 704 123 768 dicia,
136 723 196 771 quae
214 709 239 755 in
257 708 309 773 ipso
328 723 400 772 opere
418 708 579 771 reperiuntur,
592 707 740 758 confirmant.
759 711 788 759 ln

53 784 98 833 hoo
111 787 173 834 enim
187 789 356 836 commentario
369 787 510 852 plerumque
523 790 608 837 breves
624 789 786 853 expositiones

53 868 83 915 ad
96 867 234 930 sententias,
256 883 316 931 quae
337 866 484 916 difficiliores
504 867 658 929 videbantur,
680 867 788 932 adjectae

53 951 114 1009 sunt,
127 964 174 1011 qua
185 948 296 995 methodo
310 964 327 995 s.
343 948 494 1012 Ephraemus
514 947 586 995 etiam
604 947 729 1011 antiquum
741 949 786 996 Te-

53 1031 195 1075 stamentum
209 1026 346 1090 explicavit,
359 1030 386 1074 ut
404 1043 435 1075 ex
454 1028 505 1091 ejus
519 1027 695 1075 commentariis
708 1027 734 1075 in
752 1031 786 1075 to-

52 1123 91 1155 mo
102 1107 115 1155 Ι
127 1106 183 1155 0οΠ
193 1122 292 1173 operum
306 1107 356 1172 ejus
370 1106 524 1170 Syriaeorum
536 1111 642 1171 apparet.
655 1107 788 1155 Nonnullis

52 1186 110 1237 locis
122 1189 211 1252 prolixi
224 1204 346 1237 sermones
359 1188 434 1236 additi
447 1193 509 1251 sunt7
524 1205 561 1238 ex.
571 1205 607 1252 gr.
618 1188 647 1236 de
660 1189 787 1237 nativitato

51 1267 148 1316 loannis
160 1268 278 1334 Baptista,
292 1268 321 1316 de
333 1268 434 1316 muliere
447 1268 573 1331 sanguinis
593 1269 660 1316 fluxu
675 1268 785 1317 laboran-

50 1351 82 1410 te,
95 1347 136 1410 qui
148 1364 229 1396 omnes
248 1348 337 1412 stylum
349 1348 487 1412 Ephraemi‚
506 1347 657 1396 celeberrimi
670 1347 785 1411 Syrorum

51 1428 151 1475 oratoris
164 1433 188 1474 00
199 1432 292 1491 poetae,
304 1427 420 1475 redolent.
433 1427 500 1475 Haeo
520 1427 647 1491 Evangelii
666 1429 785 1491 expositio

50 1506 79 1554 ab
93 1507 226 1555 errulitione
246 1506 393 1555 Graecorum
410 1507 512 1555 Petrum
532 1496 634 1555 multum
653 1507 749 1571 quidem
761 1524 785 1555 a·

50 1588 109 1648 best,
123 1592 146 1635 et
159 1588 254 1652 saepius
273 1603 372 1635 erronea
391 1592 414 1635 et
435 1587 543 1641 fabulosa
562 1586 784 1650 000100000οω0-

49 1671 129 1715 tamen
142 1667 255 1715 eximiam
269 1667 360 1730 ingenii
374 1668 448 1715 aciem
471 1672 495 1715 et
507 1683 618 1730 magnam
630 1667 745 1731 pietatem
762 1673 786 1728 et

50 1747 199 1796 sanctitatem
211 1749 314 1796 auctoris
333 1746 420 1812 prodit,
433 1763 494 1811 quae
507 1747 587 1794 omnia
599 1747 624 1794 in
640 1752 784 1795 commenta-

50 1825 92 1873 riis
105 1841 122 1873 0.
130 1825 260 1890 Ephraemi
269 1826 295 1873 in
306 1843 330 1873 v.
340 1827 523 1874 Testamentum
534 1824 603 1873 facile
619 1827 784 1876 observantur.

118 1906 158 1955 Ex
179 1905 289 1969 singulis,
302 1921 363 1968 quae
385 1904 410 1953 in
431 1905 476 1953 hoc
498 1919 569 1969 opere
590 1922 607 1953 s.
620 1905 784 1969 Ephraemum

50 1989 170 2033 auctorem
189 1985 303 2048 indicant,
316 1986 393 2050 primo
406 1986 458 2033 loco
477 1985 588 2049 ponenda
600 1988 637 2033 est
655 1986 785 2051 descriptio

48 2065 194 2114 condicionis
213 2066 334 2130 ecclesiae,
347 2066 373 2114 in
391 2056 438 2130 qua
452 2069 534 2113 auctor
552 2066 700 2126 versabatur,
722 2083 783 2130 quae

49 2159 71 2206 p.
83 2146 128 2192 284
142 2161 198 2195 vero
211 2150 307 2210 pastore
320 2147 404 2195 orbata
415 2144 509 2193 insidiis
524 2143 575 2208 lupi
589 2144 679 2193 tradita
691 2145 784 2194 dicitur.

49 2222 118 2281 Quod
137 2225 187 2273 sine
209 2226 280 2274 dubio
300 2225 331 2272 acl
353 2225 422 2273 triste
444 2224 547 2273 schisma
566 2225 718 2273 referendum
739 2230 783 2287 est,

49 2301 149 2365 quod‘in
168 2305 269 2354 ecclesia
286 2304 409 2354 Edessena
426 2303 535 2367 invaluit,
547 2307 674 2368 postquam
693 2305 783 2368 episco-

50 2399 94 2445 pus
108 2384 158 2447 ejus
180 2384 309 2434 catholicus
327 2383 416 2432 Barses
437 2385 466 2432 ab
488 2383 633 2448 imperatore
645 2384 749 2432 Valente
757 2397 782 2433 a.

49 2462 96 2508 364
108 2463 134 2510 in
146 2464 245 2512 exilium
257 2465 345 2513 missus
358 2468 401 2512 est.
415 2464 491 2512 Perre
510 2464 684 2527 disputationes
700 2469 783 2513 contra

49 2539 224 2607 Marcionistas‚
236 2546 281 2593 toti
293 2545 360 2609 operi
379 2545 489 2607 insertas⁷
503 2561 520 2593 s.
536 2545 698 2609 Ephraemum
717 2561 783 2594 acer-

48 2619 135 2669 rimum
146 2624 322 2675 haereticorum
332 2630 355 2674 00
367 2620 496 2688 praecipue
506 2624 715 2673 Marcionistarum
727 2641 782 2674 con-

48 2700 174 2751 futatorem
186 2704 297 2755 iudicant.
316 2705 408 2754 lllcnita
425 2705 560 2769 frequentia
578 2703 700 2752 monachis
719 2705 781 2767 data,

49 2782 131 2831 laudes
144 2783 207 2832 vitae
227 2787 341 2835 asceticae
361 2791 385 2834 et
402 2786 554 2848 monasticae,
573 2801 634 2847 quae
653 2801 725 2849 saepe
744 2802 781 2832 re-

50 2866 154 2925 currunt,
174 2879 191 2910 0.
202 2866 345 2930 Eplnacmc,
363 2867 404 2931 qui
422 2866 485 2916 vitae
504 2864 649 2915 monasticae
668 2865 782 2914 eximium
