1780 3151
94 195 242 256 aberrarunt,
254 194 290 241 vis
310 192 409 242 alterius
428 211 485 243 suae
504 196 568 244 voois
582 211 621 243 eos
634 192 744 242 porrexit.
764 192 825 252 Quia

93 280 140 311 vox
152 263 230 326 prima
247 263 378 312 ludibrium
392 268 443 313 erat
461 264 486 312 in
504 282 544 313 ore
564 281 653 327 eorum,
667 269 691 313 et
707 263 786 312 illusio
799 270 824 310 et

92 332 171 381 irrisio
188 334 214 381 in
231 333 312 382 verbis
331 349 420 397 eornm,
432 350 479 383 000
502 336 578 385 attera
596 350 639 384 vae
664 334 725 383 faeta
743 338 780 381 est
799 333 823 382 in

91 418 133 455 ,ore
152 418 234 452 eorum
253 408 277 451 et
294 403 423 468 oornplosio
441 421 553 454 manuum
571 405 596 453 in
614 409 708 470 peetore
733 419 822 452 eorum.

94 472 156 530 Quia
167 489 215 522 vox
236 474 314 539 prima
335 475 462 539 reprobata
483 481 526 539 est7
546 475 612 524 rnisit
632 474 740 537 atteram7
762 489 824 537 quae

93 543 222 592 vindictam
235 545 323 593 taceret
335 544 360 592 irr
373 546 540 609 reprobatores
554 547 611 611 ejus.
631 544 698 604 Quod
716 544 746 592 ad
758 543 824 607 ipsos

93 613 160 662 Elias
179 614 267 676 reniet,
286 614 329 678 iili,
349 619 410 662 teste
430 616 559 680 Scriptura,
579 614 742 678 erediderunt3
761 612 825 678 qnod

95 687 174 732 antem
187 684 217 732 ad
236 683 358 733 Christum
377 685 443 733 Elias
457 685 538 734 venire
551 685 634 751 possit7
646 684 671 733 id
683 685 716 732 eis
735 684 824 732 ridieu÷

92 751 142 801 hun
154 754 287 804 videbatur.
313 754 391 813 Quum
409 770 466 803 rero
484 756 615 821 prophetae
632 754 824 819 desperationem

91 839 175 876 ¹eorum
197 830 220 873 et
241 825 364 874 interitum
385 824 450 873 urhis
471 825 642 890 praedixisset,
663 826 745 873 eontra
764 822 824 871 istos

70 892 71 895 ’
94 909 149 942 suos
161 896 290 960 populares
302 894 384 942 testati
397 899 460 956 sunt,
474 896 536 959 quod
547 896 576 946 ad
590 893 708 944 0001111οε
723 908 771 941 non
782 908 824 941 ue-

92 963 149 1011 niet.
163 964 241 1023 Quum
259 980 343 1012 uranus
356 963 406 1027 ejus
426 964 500 1013 utaris
518 965 680 1030 affigerentur,
699 964 825 1027 affigentes

93 1033 201 1096 coarguit
221 1033 579 1099 100000000100100001001100
600 1034 679 1083 oeulos
701 1048 823 1081 oaeeorunr

91 1119 175 1151 manus
189 1104 239 1168 ejus
252 1103 420 1152 formaverant.
439 1104 525 1152 hierius
538 1106 601 1153 enirn
614 1105 673 1169 ejus,
686 1103 727 1167 qui
745 1101 824 1166 potuit

91 1173 185 1237 aperire
204 1174 284 1222 ocutos
303 1187 433 1235 saeuorum,
446 1179 473 1222 ut
490 1175 569 1238 ipsum
587 1175 704 1236 viderent,
722 1176 786 1220 certe
800 1175 824 1218 et

87 1246 200 1306 poterant
220 1245 347 1292 oboaeeare
369 1244 542 1308 orueffigentes,
554 1249 580 1292 00
593 1244 671 1309 ipsum
689 1259 737 1291 non
756 1241 824 1290 vide-

90 1318 151 1361 rent.
164 1313 196 1361 Et
208 1330 251 1378 per
260 1314 341 1361 firmos
354 1314 404 1377 ejus
417 1315 498 1378 pedes,
508 1315 549 1379 qui
561 1315 641 1362 densis
653 1312 755 1362 rineulis
767 1311 822 1360 suh-

89 1383 157 1431 rnissi
176 1388 237 1446 sunt,
256 1383 412 1431 condensatae
430 1385 516 1447 undae,
534 1401 595 1449 quae
613 1384 701 1448 ligatae
721 1381 822 1447 pedibus

90 1452 140 1516 ejus
154 1470 179 1501 se
192 1454 361 1515 submiserunt
375 1452 489 1516 ligatores
508 1454 558 1517 ejus
576 1454 763 1515 convincebant3
780 1466 824 1515 pe-

91 1523 133 1570 des
147 1524 217 1584 eninr,
228 1523 268 1587 qui
281 1538 352 1587 super
365 1522 461 1571 dorsuna
474 1524 592 1573 undarum
605 1523 726 1585 ambulare
739 1525 822 1586 potue-

89 1597 154 1653 runt7
168 1593 226 1657 quin
238 1593 444 1656 irrnnerg'ererrtun
457 1597 586 1658 potuerunt
605 1599 628 1641 et
646 1592 737 1640 eateare
750 1591 822 1638 dorsa

87 1660 244 1724 inimieorum,
257 1678 286 1710 00
300 1678 353 1709 eurn
366 1662 390 1709 in
403 1678 497 1711 oruoern
509 1668 615 1727 agerent.

86 1783 88 1787 ,
159 1732 206 1780 Sed
220 1748 271 1780 ounr
293 1747 379 1795 eorpus
401 1733 451 1797 ejus
470 1734 495 1781 in
515 1733 589 1797 ligno,
602 1734 626 1781 in
645 1748 691 1795 quo
712 1729 819 1779 thesauri

88 1800 151 1850 uitae
164 1802 270 1866 gentium
284 1806 358 1864 erant,
372 1803 559 1867 suspendissent
570 1802 678 1867 respexit
690 1801 719 1849 ad
732 1805 820 1848 terram

88 1873 203 1934 gentium,
217 1888 276 1935 quae
294 1872 338 1919 hos
357 1872 481 1921 thesauros
501 1871 597 1936 aeoepit.
618 1870 710 1935 Joseph
727 1884 820 1933 quoque

89 1941 166 1988 (1101οε
182 1957 191 1978 e
204 1942 301 1989 Portate
314 1957 368 1989 ossa
386 1957 439 1988 inea
456 1943 511 1990 hino
524 1970 533 1992 2,
546 1942 562 2001 ⁴,
576 1942 631 2005 quia
642 1939 754 2005 quamdin
774 1938 820 1986 iste

89 2016 185 2058 sanetus
206 2011 334 2059 thesaurus
355 2011 380 2057 in
401 2011 443 2058 itia
464 2015 528 2060 terra
546 2011 668 2058 immunda
685 2007 819 2074 depositura

90 2085 148 2143 erat,
161 2081 226 2128 Dens
240 2096 293 2128 euin
307 2095 335 2128 ea
346 2079 532 2129 misericordiam
544 2081 606 2129 feeit.
619 2080 656 2128 Ex
670 2079 753 2127 eadem
766 2093 820 2125 eeu-

87 2165 113 2198 sa
120 2150 207 2199 Judaei
220 2167 249 2199 ex
261 2155 325 2198 terra
334 2149 481 2214 Babyloniae
494 2150 585 2200 reuersi
595 2155 656 2198 sunt.
666 2150 698 2199 Et
708 2149 728 2197 si
734 2149 781 2196 hoe
790 2147 819 2195 de

86 2219 180 2269 Sanctis
193 2221 263 2283 00100,
277 2225 365 2284 quanto
379 2221 455 2284 inagis
468 2222 497 2268 de
516 2221 618 2269 Domino
630 2235 719 2268 eorum.
737 2216 819 2265 Otavis

85 2290 171 2338 affixae
182 2296 242 2338 sunt
254 2307 344 2352 manus,
358 2307 418 2354 qnae
439 2307 482 2339 nos
495 2290 622 2340 auiuentis
640 2288 724 2338 mortis
743 2286 819 2336 00100-

84 2365 147 2408 runt.
159 2361 255 2409 hffixae
268 2365 322 2409 sunt
335 2376 426 2422 inanes,
440 2377 499 2425 quae
520 2360 644 2408 solverunt
662 2357 759 2406 vineola
776 2371 817 2403 no-

85 2436 135 2479 stra
144 2432 308 2478 strinxerunt
321 2446 359 2477 eos
370 2430 463 2494 quinos
475 2430 586 2494 ligarent.
597 2429 684 2477 Mirum
699 2431 743 2488 est,
755 2426 819 2489 quod

84 2500 172 2549 mortui
182 2500 261 2549 uirum
275 2499 412 2548 oeeiderunt
425 2505 449 2548 et
461 2500 552 2548 oooisns
565 2503 669 2548 mortuos
682 2496 817 2547 vivificavit.

83 2570 122 2618 1111
141 2571 246 2618 furorem
265 2587 334 2618 suurn
353 2575 472 2618 auxerunt
491 2574 514 2618 et
534 2569 671 2618 extulerunt
691 2567 716 2615 in
735 2566 817 2628 altum,

83 2640 122 2688 hie
135 2657 178 2688 sua
191 2640 317 2704 magnifiee
330 2639 392 2686 riona
405 2641 472 2688 anxit
493 2644 517 2688 00
538 2654 612 2704 usque
633 2638 658 2685 in
674 2635 817 2702 profundum

82 2710 184 2759 deurisit.
200 2710 247 2757 Hie
260 2716 296 2758 est
308 2714 423 2771 mortuus,
436 2726 506 2774 quern
519 2725 582 2758 nrors
602 2708 681 2773 rapuit
699 2712 723 2756 et
738 2707 817 2755 abstu-

136 2873 153 2906 0.
169 2870 217 2907 sur.
233 2869 263 2917 aa
274 2868 305 2905 aa
