1780 3151
96 146 141 201 232

98 239 164 307 hora
191 258 238 304 qua
262 242 522 306 comprehendebatur,
547 242 632 291 timere
657 242 770 305 debebat,
789 247 837 291 uon

98 312 176 357 autem
196 311 242 359 alio
262 316 385 377 tempore5
399 317 455 362 tunc
467 315 547 362 autem
567 312 661 361 sanavit
679 328 761 361 aurem
775 312 837 361 occi-

98 378 167 426 soris.
180 379 348 446 Praeceperat,
361 387 388 431 ut
403 383 511 447 gladium
529 386 659 444 sumerent,
667 380 731 430 liora
748 385 838 443 autemJ

98 462 145 510 qua
157 448 237 512 gladio
250 467 310 515 opus
325 458 384 516 erat,
397 453 476 501 dixit:
490 468 499 491 t
513 453 632 502 Ooirverte
646 451 753 515 gladium
768 455 836 513 tuum

98 515 175 566 denuo
190 520 215 567 in
227 520 305 569 locum
319 538 389 570 suum
400 523 416 573 l.

169 589 240 637 ΑιιὲΞ
253 591 310 655 quia
327 608 370 656 per
389 592 479 641 Filium
497 591 585 651 debita,
598 606 660 655 quae
677 589 740 638 faeta
759 592 835 649 erant,

97 654 254 708 solvebantur
264 665 288 708 et
301 662 425 711 conversio
439 661 546 725 gentium
560 660 639 722 fiebat,
653 659 763 723 gratiam,
773 673 835 722 quae

96 740 141 788 pro
154 729 243 777 mivndo
254 734 314 792 erat,
323 730 401 780 Filius
414 731 459 780 sibi
471 729 519 795 ipsi
531 730 688 795 appropriare
700 727 785 778 noluit.
799 727 838 776 Si-

98 794 147 842 cuti
160 798 189 846 ab
208 798 283 862 initio,
298 801 392 850 etiamsi
410 799 489 848 onmia
507 815 550 863 per
568 800 647 865 ipsum
665 798 728 847 facta
746 801 835 857 essent,

97 866 178 914 tamen
188 868 232 916 hoo
242 869 341 918 silentio
350 869 499 935 praeterivit,
508 873 532 916 ct
546 885 590 932 per
600 885 626 918 os
639 866 720 932 Moysi
732 866 835 932 alterum

96 932 211 984 factorem
220 937 335 987 indicavit
348 939 442 987 diceus:
458 954 467 977 tt
476 939 509 988 Et
520 937 581 986 vidit
593 938 660 987 Deus
673 937 759 999 omma,
772 950 835 1000 quae

97 1001 194 1067 fecerat,
213 1011 237 1053 et
255 1023 308 1055 ecce
327 1000 389 1057 bona
407 1012 463 1056 sunt
481 1006 552 1056 valde
565 1034 574 1057 a
586 1007 612 1069 53
628 1007 700 1071 idque
719 1004 787 1068 dixit,
807 1009 834 1053 ut

96 1069 164 1121 Patri
177 1091 219 1123 suo
232 1092 314 1125 omnes
327 1081 451 1126 creaturae
465 1076 585 1126 debitores
598 1077 691 1138 fierent,
703 1076 773 1124 itaet
791 1073 834 1122 bo-

95 1156 123 1187 ra
135 1145 297 1194 renovationis
310 1161 391 1196 aarum
404 1146 514 1195 omnibus
532 1163 575 1211 per
588 1151 689 1195 mortem
707 1143 833 1193 renuncia-

95 1209 131 1258 vit
146 1217 170 1260 et
182 1214 258 1263 dixit:
277 1215 349 1264 Fiat
368 1216 519 1264 voluntas
538 1220 598 1278 tua,
610 1220 637 1263 ut
654 1214 723 1264 Patri
741 1212 832 1262 debito-

89 1294 134 1329 res
143 1281 229 1331 fierent
238 1285 377 1350 omnesqui
386 1301 430 1350 per
439 1288 541 1333 mortem
550 1283 679 1347 Unigeniti
691 1286 834 1334 converten-

96 1348 120 1396 di
133 1357 220 1401 essent.
231 1355 301 1414 Aut,
315 1355 370 1418 quia
380 1359 487 1419 tempore
500 1354 583 1403 mortis
596 1353 728 1419 corporalis
738 1351 832 1416 corpori

90 1418 169 1482 dedit,
182 1423 245 1487 quod
264 1424 371 1488 corporis
385 1428 443 1485 erat,
456 1423 510 1472 ideo
528 1424 573 1472 hcc
591 1423 659 1473 dixit.
677 1422 776 1472 Clarum
794 1426 832 1468 est

95 1489 166 1552 euim,
179 1507 261 1540 omnes
275 1493 369 1542 dolores
383 1493 412 1541 de
425 1507 524 1558 corpore
537 1493 588 1557 ejus
600 1493 693 1553 testari,
705 1495 732 1540 ut
740 1490 831 1540 veritas

94 1557 146 1621 ejus
159 1559 272 1611 eluceret.
284 1564 319 1612 At
331 1567 410 1611 sectae
428 1562 603 1611 haereticorum
621 1561 701 1611 omnia
718 1560 777 1609 hacc
794 1559 832 1607 iu·

95 1626 156 1676 dicia
174 1631 281 1694 corporis
300 1632 352 1695 ejus
365 1632 475 1680 videntes
488 1631 517 1680 de
531 1646 558 1679 eo
575 1631 621 1680 sibi
638 1647 687 1680 nou
704 1643 830 1694 persuase-

92 1702 150 1744 runt
159 1697 176 1746 ’ἢ
190 1699 225 1747 Ut
237 1701 338 1750 esurivit
350 1705 374 1748 et
393 1700 469 1750 sitivit
482 1705 506 1748 et
524 1701 670 1764 defatigatus
683 1704 720 1748 est
739 1702 763 1747 et
775 1697 829 1746 dor-

92 1766 169 1830 mivit,
182 1768 216 1817 ita
229 1774 253 1817 et
272 1770 359 1818 timuit.
372 1772 434 1820 Aut
451 1770 510 1818 haec
527 1786 614 1834 passus
627 1773 671 1833 est,
683 1772 710 1817 ut
728 1766 831 1816 homini-

92 1836 138 1884 bus
150 1836 176 1886 in
188 1843 253 1888 terra
271 1838 368 1888 difficile
387 1840 456 1889 fieret
468 1839 563 1888 dicere:
578 1855 588 1878 v
604 1839 660 1888 Sine
678 1837 790 1903 passione
806 1840 831 1883 et
869 1899 870 1902 Ἴ

91 1903 172 1955 labore
191 1908 275 1973 ctrlpae
293 1913 389 1957 nostrae
403 1911 432 1957 ab
445 1924 473 1956 eo
489 1908 600 1973 expiatae
620 1913 707 1957 sunta.
722 1908 784 1955 Aut
802 1910 829 1953 ut

85 1973 222 2040 discipulos
235 1977 338 2038 doceret,
347 1984 375 2025 ut
386 1977 460 2026 vitam
471 1982 496 2025 et
507 1981 609 2026 mortem
621 1992 688 2025 suam
701 1976 752 2024 Deo
765 1991 828 2023 oom-

91 2044 240 2094 mendarent.
255 2046 279 2094 si
293 2046 355 2094 euim
368 2047 389 2095 is
402 2047 443 2111 qui
456 2046 551 2110 sapiens
565 2051 609 2109 est,
618 2050 718 2111 propter
730 2043 777 2093 Dei
790 2060 827 2092 co-

89 2112 222 2174 guitionem
234 2116 259 2163 id
272 2116 334 2179 quod
348 2115 512 2179 conveniebat,
524 2116 628 2181 supplex
640 2115 726 2175 oravit,
738 2117 829 2178 quanto

87 2183 166 2245 magis
179 2184 251 2232 rudes
260 2185 408 2233 voluntatem
421 2201 488 2234 suam
501 2185 615 2234 omnisoio
632 2183 736 2233 tradant.
753 2183 824 2244 Aut,

87 2255 115 2297 ut
126 2269 170 2316 per
183 2270 250 2302 suam
262 2255 398 2318 passionem
411 2254 524 2303 solatium
536 2254 562 2302 in
574 2253 700 2320 discipulis
718 2253 768 2302 suis
787 2267 824 2299 se·

86 2321 197 2384 minaret,
210 2324 285 2371 utenti
304 2340 386 2372 eorum
405 2339 430 2372 se
443 2324 635 2387 accommodavit,
647 2327 675 2371 ut
690 2322 724 2371 eis
743 2336 824 2370 exem-

85 2389 126 2452 plo
145 2391 221 2456 fieret,
240 2408 369 2457 eorumque
388 2392 499 2442 timorem
517 2394 542 2442 iu
560 2410 586 2441 se
606 2392 719 2457 suscepit,
734 2394 762 2439 ut
780 2405 823 2438 suo

86 2459 244 2511 (loctuuento5
258 2462 292 2511 eis
305 2462 449 2525 ostenderet,
461 2466 516 2511 ante
529 2467 630 2512 mortem
645 2461 674 2510 de
687 2464 763 2510 morte
776 2474 823 2509 nou

139 2583 156 2618 1.
171 2580 238 2618 blnuu.
248 2581 272 2617 26
292 2580 323 2616 52.

138 2635 156 2670 2.
171 2633 195 2670 Iu
206 2609 341 2683 sequciitibus
353 2630 519 2680 explicabuncur
530 2632 624 2671 Christus
633 2631 736 2681 magonia
748 2642 821 2671 orave-

86 2688 125 2726 rit:
135 2685 181 2724 Non
192 2697 244 2733 moa,
257 2685 293 2724 scd
305 2686 340 2722 tun
350 2683 445 2723 voluutas
454 2684 499 2722 fuit.

140 2740 158 2776 3.
173 2739 223 2776 Gux.
236 2740 252 2786 1,
263 2740 294 2776 31.

135 2794 154 2829 d.
168 2791 207 2828 Ilio
218 2790 276 2830 locus
288 2802 314 2828 ex
325 2788 395 2829 codss
406 2789 527 2828 emendatus
538 2790 575 2828 est.
583 2790 607 2829 In
618 2789 688 2830 codd
698 2800 760 2829 sanus
776 2800 821 2828 sen-

82 2856 116 2884 sus
128 2844 192 2881 deest.

135 2897 152 2934 t.
167 2895 199 2935 Ita
209 2895 229 2933 in
241 2894 285 2935 cod.
296 2895 318 2934 Β.
329 2894 354 2934 In
365 2893 409 2935 cod.
420 2894 439 2935 d
448 2894 501 2936 falso
512 2895 643 2938 aectrsutivus
653 2893 742 2948 ponitur.
