1780 3151
98 125 128 172 56

97 217 247 278 gnoscerent,
265 228 320 260 eum
338 215 424 261 natura
442 227 486 260 sua
499 211 559 278 ipsis
571 227 619 261 non
632 228 684 262 esee
697 213 827 277 aequalem,

97 284 124 334 Si
142 283 205 331 enirn
223 283 338 348 adspeetu
356 299 398 331 suo
418 282 444 330 in
461 283 597 349 opinionem
615 298 655 331 eos
673 283 781 347 duoebat,
802 302 827 334 se

96 353 155 417 ipsis
165 368 217 401 esse
227 353 358 417 aequalem,
369 353 439 402 simul
448 354 553 404 mirabili
562 370 604 402 suo
617 353 685 418 signo
693 370 732 401 eos
742 353 827 418 doouit,

97 439 123 471 se
136 423 170 471 eis
183 439 236 472 esse
249 424 370 489 majorem.
384 425 475 473 Tauens
490 442 575 488 aquam
587 423 642 472 feeit
653 424 742 487 uinum,
755 428 782 472 ut
794 425 828 472 di-

94 493 178 541 vinum
189 493 266 558 ipsius
280 494 402 543 silentium
413 493 601 543 arohitriolinum
612 510 753 558 praeconem
766 495 828 543 exei-

95 566 166 625 taret,
174 564 215 628 qui
225 564 331 628 gaudens
341 565 401 612 hano
410 563 524 612 laetitiam
530 564 722 613 reeumlrentibus
732 565 828 613 nunoia-

95 638 140 681 ret.
152 634 243 683 Vinum
256 634 319 682 enim
330 639 416 682 natura
428 650 470 682 sua
482 632 600 681 laetifioat.
614 633 677 691 Quia
688 634 764 683 oelere
777 635 826 700 ejus

96 704 235 752 mandatum
244 707 326 754 vinum
336 704 432 766 fenerat,
443 703 505 766 quod
518 703 609 767 saporis
620 703 736 752 suavitate
749 705 827 753 omnia

97 773 149 822 vini
161 789 250 837 genera
261 776 395 837 superabat,
413 774 466 821 ideo
478 778 576 838 propter
589 773 639 838 ejus
657 774 827 837 praestantiam

96 843 275 907 interrogarunt
293 847 317 891 et
335 843 506 907 exquisierunt,
525 843 577 907 quis
597 843 705 892 dominus
718 848 742 891 et
753 844 827 894 faetor

97 914 148 978 ejus
161 918 230 961 esset.

166 983 374 1047 Triumphatorem
387 998 418 1031 ex
429 982 557 1031 eertamine
575 983 715 1032 redeuntem
732 985 828 1049 nuptiae

97 1051 188 1101 delieiis
202 1053 250 1101 suis
262 1053 333 1101 tertia
345 1053 383 1100 die
396 1057 549 1117 enoeperunt,
566 1057 594 1100 ut
606 1053 708 1116 doeeret,
720 1058 775 1119 post
786 1073 829 1120 pu-

97 1138 170 1185 gnam
182 1123 311 1172 viotoribus
324 1122 438 1185 gaudium
449 1138 552 1171 mamere.
563 1122 616 1181 Qua
625 1124 746 1171 oooasione
759 1124 829 1173 simul

96 1191 160 1239 elare
172 1196 330 1241 monstratum
340 1196 383 1255 est,
394 1191 523 1253 Christum,
536 1193 643 1257 quamvis
652 1198 679 1241 ut
687 1194 828 1258 peregrinus

95 1261 245 1325 inritaretur,
262 1267 343 1310 tamen
355 1262 476 1310 dominum.
489 1278 541 1311 esse
553 1263 698 1326 nuptiarum,
716 1263 772 1327 quia
789 1264 828 1311 de-

95 1331 184 1380 iectum
201 1333 226 1381 in
244 1332 334 1396 nuptiis
348 1348 389 1380 suo
401 1333 482 1394 verbe,
501 1333 563 1395 quod
581 1348 650 1381 omne
664 1333 829 1397 imperleetum

96 1402 197 1466 perfioit,
215 1402 348 1466 complevit.
366 1401 496 1450 Praeterea
513 1402 629 1450 Dominus
649 1400 694 1451 hoo
714 1403 828 1451 miraculo

96 1488 144 1519 non
157 1472 227 1521 aliam
240 1472 334 1519 omnino
347 1488 398 1520 rem
410 1470 517 1534 protulit,
531 1487 608 1535 neque
618 1472 643 1519 in
655 1473 737 1520 eadem
749 1488 775 1520 re
787 1489 827 1521 re-

96 1541 150 1604 teri,
169 1542 239 1590 sieuti
256 1541 323 1606 prins
343 1545 400 1603 erat,
419 1541 580 1604 operationem
598 1558 665 1589 suam
683 1542 766 1603 finivit,
780 1557 828 1590 non

96 1611 159 1659 enim
172 1627 257 1676 aquam
269 1627 312 1676 pro
325 1612 379 1659 rino
393 1610 422 1657 ad
434 1610 563 1658 bibendum
575 1610 609 1658 eis
622 1611 757 1676 proposuit3
768 1616 827 1660 atta-

96 1697 152 1729 men
164 1697 208 1729 neo
225 1681 320 1729 omnino
333 1686 402 1729 extra
419 1679 486 1727 illam
498 1696 548 1729 rem
567 1696 678 1743 egressus
691 1685 733 1744 est,
746 1681 828 1730 vinum

95 1752 166 1815 enim,
179 1751 243 1815 quod
254 1751 317 1814 feeit,
336 1767 367 1799 ex
379 1754 458 1798 ereata
470 1766 531 1815 aqua
543 1750 663 1814 produxit.
681 1752 737 1799 Non
750 1751 825 1814 igitur

94 1822 248 1885 peregrinam
265 1837 317 1869 rem
335 1825 439 1869 oreatam
450 1819 484 1868 ibi
496 1820 583 1881 attulit,
603 1821 645 1867 sed
663 1821 762 1867 eandem
779 1821 827 1885 pri-

95 1907 160 1938 mam
171 1907 222 1938 rem
235 1891 394 1952 eommutavit,
406 1893 433 1936 ut
445 1904 472 1935 eo
485 1889 548 1953 qnod
561 1905 612 1936 eam
624 1894 734 1952 mutaret,
749 1895 827 1939 osten-

95 1960 171 2023 deret,
184 1976 209 2008 se
222 1976 274 2008 esse
287 1960 337 2023 ejus
356 1959 483 2021 dominum,
494 1964 517 2006 et
530 1974 557 2006 eo
567 1958 629 2022 quod
639 1975 690 2007 eam
700 1976 748 2008 non
756 1960 828 2010 aliam

95 2030 192 2093 feneret,
217 2029 389 2093 intelligerent,
413 2044 465 2075 eam
483 2044 530 2076 non
548 2028 638 2092 despioi
656 2034 679 2077 et
696 2031 826 2094 reprobari.

96 2100 172 2148 immo
188 2104 211 2147 et
223 2100 249 2147 in
260 2100 306 2147 fine
319 2098 433 2163 temporis
446 2099 543 2146 eaedem
554 2099 621 2163 ipsae
633 2115 672 2147 res
685 2105 777 2148 creatae
790 2117 827 2149 re-

95 2171 253 2232 novabuntur,
265 2169 320 2233 qnia
332 2169 449 2231 voluntas,
468 2185 527 2232 quae
540 2173 703 2217 momentaneo
715 2170 826 2218 mandato

95 2240 157 2289 viles
175 2256 248 2303 aquas
260 2241 285 2287 in
298 2255 369 2289 snare
384 2239 466 2288 uinum
480 2239 587 2301 nmtarit,
606 2239 631 2286 in
649 2239 695 2287 fine
713 2241 828 2303 temporis

95 2310 205 2358 omnibus
217 2311 288 2358 rebus
301 2310 386 2357 oreatis
399 2324 515 2372 saporem,
531 2309 597 2372 eujus
610 2309 708 2356 duloedo
721 2309 828 2358 ineffabi-

95 2379 125 2427 lis
139 2384 182 2442 est,
195 2379 321 2428 restituere
333 2383 417 2442 potest.
437 2377 545 2442 Denique
557 2380 602 2427 hoo
613 2378 754 2426 miraoulum
766 2378 828 2442 feeit,

96 2454 174 2498 utres
187 2449 248 2499 viles
266 2449 292 2496 in
309 2449 421 2497 delioatos
434 2448 590 2511 permutando
604 2448 705 2510 dooeret,
724 2464 763 2496 eas
781 2465 830 2497 non

97 2535 149 2567 esse
161 2525 248 2568 natura
260 2518 342 2580 malas,
356 2520 397 2567 sed
409 2534 490 2567 earum
503 2522 634 2566 oreatorem
646 2523 732 2576 natura
741 2535 784 2566 sua
793 2536 829 2567 sa-

97 2591 203 2654 pientem
216 2605 276 2652 esse,
286 2588 341 2653 quia
351 2589 425 2651 seivit,
434 2603 531 2636 neeesse
544 2603 604 2649 esse,
616 2592 643 2635 ut
655 2604 693 2635 res
704 2589 733 2635 ad
744 2591 830 2653 prolua-

97 2660 186 2708 tionem
196 2665 219 2708 et
229 2658 399 2708 oorreotionem
408 2662 552 2720 crearentur,
562 2657 680 2721 virlelieet,
690 2662 717 2705 ut
724 2658 784 2723 justi
796 2659 830 2706 eis

99 2731 257 2793 probarentur
266 2733 291 2777 et
300 2732 475 2790 coronarentur,
487 2733 678 2792 transgressores
690 2733 769 2776 autem
781 2744 832 2776 eor-

99 2798 234 2862 rigereutur
253 2804 277 2848 et
295 2799 329 2847 sio
345 2798 474 2847 utilitatem
486 2802 604 2862 eaperent.
618 2798 665 2857 Qui
677 2799 739 2846 enim
751 2797 832 2861 ignem

101 2869 206 2919 onmium
218 2873 409 2935 consumptorem
421 2882 463 2918 suo
475 2869 586 2917 mandato
600 2884 630 2917 ex
645 2869 765 2935 perditore
779 2866 831 2916 dul-
