1780 3151
769 104 799 151 61

61 192 130 253 Quod
142 193 162 243 si
180 196 292 244 membro
306 194 411 243 abscisso
423 192 530 244 convicia
543 196 566 241 11
579 190 707 240 maledicta
720 196 743 239 et
754 190 800 257 ini-

61 263 164 319 micitias
174 283 188 314 a
197 270 220 314 te
231 265 317 326 aufers,
331 280 405 327 quare
415 281 463 312 non
472 263 592 312 abscindis
604 263 713 326 linguam
725 266 799 324 tuam,

62 350 137 397 quum
147 335 292 396 accessesit,
303 349 334 380 111
343 350 390 381 uno
402 335 447 383 hoc
456 336 562 383 membro
577 330 681 380 abscisso
694 331 800 380 omnium

62 404 171 453 dolorum
184 406 288 470 quietem
301 404 425 467 experiri?
444 403 569 452 dutmala
583 401 668 464 fecisti,
682 408 722 450 aut
734 406 800 451 recte

60 474 266 523 nonintellexisti.
273 475 324 522 Aut
333 474 395 523 male
405 475 539 523 membrum
549 490 598 522 non
609 472 746 521 abscidistil
758 475 800 520 aut

62 543 135 596 stulte
145 550 299 609 praeceptum
308 545 444 610 percepisti.
455 545 531 592 lmmo
542 548 566 591 et
577 558 604 591 eo
615 542 678 606 quod
686 546 710 590 te
720 542 799 608 ipsum

61 628 110 667 non
128 615 252 678 mutilasti,
271 615 391 664 convictus
411 614 463 677 es2,
482 614 572 661 malum
587 617 615 661 11
634 612 727 675 fecisse,
750 627 799 660 non

60 681 125 734 enim
134 686 257 734 abscidisti
266 686 407 748 membrum,
418 685 475 749 quia
484 684 578 732 dolores
590 683 690 731 timebas
702 687 725 731 11
737 698 798 747 prae-

61 760 138 818 cepta
150 757 243 805 solvere
255 754 369 819 malebas,
381 771 453 819 quam
464 754 564 819 perdere
576 754 690 801 membra.

130 827 244 889 Agedum
258 824 390 887 videamus,
401 828 525 873 cessentne
538 823 702 889 blasphemiae
714 821 800 885 lingua

63 896 185 955 abscissa?
196 896 222 944 si
234 899 335 956 cessant,
349 895 411 943 male
424 895 522 957 faciunt,
535 894 577 958 qni
588 910 636 942 non
648 892 798 942 abscindam.

64 967 156 1015 Sinon
174 969 276 1026 cessant,
294 964 359 1021 male
376 965 556 1028 intellexerunt,
578 965 619 1029 qui
637 962 798 1013 absciderunt.

63 1038 115 1100 Aut
128 1036 245 1100 quomodo
257 1034 375 1083 Dominus
388 1034 527 1100 praecipiet,
546 1038 670 1099 amputare
683 1033 799 1096 membra,

45 1146 46 1149 ,
63 1122 131 1171 quae,
144 1105 165 1153 si
176 1105 353 1168 abscindantur,
372 1109 481 1169 pereunt,
493 1105 551 1168 quin
563 1104 666 1153 irritatio
684 1104 738 1168 ipsa
749 1118 799 1150 ma-

62 1176 142 1224 lorum
155 1175 272 1224 eruatur?
290 1175 346 1223 Non
358 1190 415 1238 ergo
427 1176 542 1237 membra,
562 1190 623 1239 quae
635 1189 725 1221 numen
738 1172 798 1221 diri-

62 1263 120 1295 num
135 1246 265 1311 conjunxit,
278 1248 371 1308 oportet
390 1244 504 1312 abscindi,
522 1246 564 1293 sed
576 1243 734 1308 cogitationes
747 1258 798 1290 ma-

62 1316 106 1379 las,
119 1332 177 1380 quas
192 1315 314 1379 conjungit
326 1314 433 1363 libertas.
445 1314 523 1363 Porro
536 1316 574 1364 bis
587 1314 667 1363 verbis
679 1313 798 1361 Dominus

62 1402 105 1434 nos
119 1386 205 1448 docuit,
218 1389 365 1449 quantopere
377 1400 421 1431 nos
436 1389 528 1432 certare
542 1389 657 1449 oporteat,
673 1383 797 1431 1111111111-

62 1472 151 1518 camur,
165 1456 226 1503 siout
238 1454 314 1503 illud:
329 1468 339 1491 s
351 1454 458 1503 Scindite
470 1455 638 1517 cordavestra,
660 1457 684 1501 11
695 1469 744 1501 non
755 1469 797 1501 re-

62 1527 174 1574 stimenta
186 1529 267 1574 vestra
276 1524 309 1572 51.
318 1523 395 1573 Diviti
407 1525 470 1572 enim
482 1524 519 1572 illi
531 1525 557 1573 in
565 1523 698 1588 Evangelio
708 1538 798 1571 11111111-

61 1600 112 1644 rato
126 1595 222 1643 diuitiae
236 1598 303 1643 erant
318 1594 403 1642 dexter
418 1610 476 1642 suus
489 1595 579 1657 oculus,
598 1595 638 1658 qui
658 1610 712 1642 eum
731 1609 798 1641 scan-

62 1664 182 1728 dalizavit,
201 1680 318 1729 quemque
336 1680 384 1711 non
403 1665 464 1711 eruit
483 1669 507 1711 et
524 1666 632 1729 projecit.
654 1665 686 1712 Et
704 1663 797 1713 Herodi

60 1751 145 1783 manus
155 1751 198 1783 sua
207 1735 307 1782 dextera
318 1733 436 1782 Herodias
447 1738 504 1796 erat,
515 1736 558 1783 sed
566 1740 661 1783 tantum
673 1734 756 1795 abluit,
769 1736 797 1781 ut

59 1805 153 1853 foedam
164 1821 261 1852 1111111111
273 1803 423 1852 abscinderet
442 1808 467 1851 11
484 1805 624 1869 projiceret,
641 1807 669 1851 ut
687 1807 796 1852 sanctum

61 1874 149 1940 caputl
162 1879 297 1940 amputaret
310 1878 333 1921 11
342 1874 477 1938 projiceret.

130 1944 213 1993 Simon
225 1948 305 1992 autern
317 1943 397 1991 omnia
408 1945 497 1993 veteris
509 1944 613 1994 hominis
632 1945 741 1993 membra
753 1944 794 1991 ab

60 2015 130 2064 scidit
149 2019 172 2062 11
189 2014 297 2079 projecit,
315 2028 345 2061 ne
365 2014 732 2076 111111111111111111111,«11111,
754 2013 795 2076 111,

58 2101 101 2133 nos
119 2084 260 2149 reliquimus
278 2083 357 2131 omnia
370 2082 407 2133 51.
427 2084 453 2132 Si
470 2084 550 2149 itaque
569 2085 638 2133 audis
659 2099 668 2122 a
682 2084 761 2132 omma
773 2110 793 2146 a,

59 2156 127 2217 scias,
139 2170 187 2202 non
199 2155 287 2216 oculos,
299 2169 348 2201 non
360 2169 438 2215 aures,
457 2171 505 2203 non
516 2172 602 2204 nasum
614 2154 704 2204 veteris
716 2153 794 2201 homi-

55 2226 93 2274 nis
107 2241 147 2273 eos
160 2225 293 2289 reliquisse,
312 2239 371 2287 quos
383 2239 461 2288 neque
480 2229 601 2288 eruerunt,
620 2240 698 2288 neque
714 2224 793 2287 projc-

57 2299 147 2344 cerunt.
167 2295 269 2344 Oculum
285 2299 354 2342 vocat
375 2295 599 2359 concupiscentiam,
624 2310 685 2359 quae
704 2293 731 2341 fit
749 2309 793 2358 per

56 2366 158 2428 oculum,
171 2381 254 2413 aurem
265 2364 415 2426 calumniam,
429 2364 499 2412 etita
515 2366 541 2413 in
553 2365 663 2429 singulis.
682 2364 715 2411 nt
727 2364 793 2428 Apo-

55 2436 130 2484 stolus
143 2435 253 2483 similiter
266 2434 334 2481 dicit:
350 2449 359 2471 s
368 2433 511 2482 Mortificate
525 2451 582 2499 ergo
596 2450 697 2499 corpora
708 2438 791 2482 vestra

54 2506 70 2554 i.
80 2522 99 2554 1.
109 2505 288 2554 fornicationem
301 2508 344 2551 etc.
354 2504 387 2553 ⁶2⁷.
399 2504 461 2552 111111
471 2506 553 2554 oculus
567 2505 652 2554 dexter
665 2519 731 2552 amor
744 2506 788 2565 est,

111 2674 129 2711 1.
143 2671 176 2709 Ita
185 2671 206 2710 in
217 2671 261 2710 eod.
270 2672 294 2710 B.
304 2670 329 2708 In
339 2671 384 2709 cod.
395 2671 413 2709 A
422 2672 524 2723 particula
536 2683 544 2704 a
552 2686 611 2715 nona
625 2673 689 2711 deest.

95 2769 100 2776 „
111 2727 129 2764 2.
144 2725 169 2762 In
177 2726 222 2764 cod.
228 2726 244 2763 B
250 2740 254 2763 :
260 2726 287 2763 111
295 2735 319 2763 eo
327 2725 381 2774 quod
389 2738 430 2764 non
437 2727 549 2778 abscidisti,
555 2730 576 2765 11
583 2727 649 2779 ipsum
657 2722 744 2776 arguisti
750 2722 790 2761 etc.

109 2782 130 2871 1.
144 2778 275 2871 1111111111
283 2830 397 2882 Baptistae.

110 2887 128 2924 5.
142 2885 209 2924 111111.
222 2887 254 2934 19,
264 2887 296 2924 21.

110 2942 129 2980 11,
143 2939 175 2979 Ad
186 2937 294 2988 0111113,
305 2939 323 2976 5.
