1780 3151
764 107 793 155 79

58 195 151 245 inimici
162 213 214 246 eam
226 196 355 262 0000010011
368 201 538 261 cognoverunt,
556 195 618 245 hano
637 210 690 245 0000
708 194 793 244 mulie-

58 284 117 332 rem,
130 284 190 332 quae
203 284 284 317 omnes
296 268 400 315 medioos
413 268 590 331 molestaverat,
609 268 690 317 sedet
701 267 731 315 ab
744 282 793 314 om-

57 338 127 386 nibus
140 338 238 386 mediore
251 337 368 385 molestiis
378 336 463 385 affeota
474 342 533 386 erat.
545 338 631 386 Virtus
644 342 732 400 autem,
746 354 792 402 que

58 409 119 457 exiit
133 410 161 457 ab
175 424 210 471 eo,
223 407 297 455 missa
310 411 346 454 001
359 410 383 454 01
394 407 475 470 tetigit
489 407 585 454 foedum
597 412 713 471 uentrem,
733 408 792 472 quin

56 478 109 543 ipsa
121 478 264 525 foedaretur.
273 477 366 524 Eodem
374 476 443 523 modo
452 491 497 524 neo
509 477 560 540 ejus
574 476 686 526 divinitas
698 479 791 528 inhabi-

55 549 127 596 tando
140 551 235 595 uterum
248 550 368 594 eaoratum
380 546 472 610 polluta
485 550 528 610 eet,
548 563 621 610 quum
635 551 658 594 et
672 547 790 611 0101010-

57 634 112 681 gem
125 614 149 665 et
162 622 231 666 entra
244 616 341 680 legeml
356 616 459 665 eanotior
472 617 503 664 011
515 616 591 681 virgo,
602 633 673 681 quam
685 617 728 665 illa
740 634 791 666 mu-

56 687 109 750 lier,
122 688 182 751 quae
195 686 319 750 sanguinis
338 686 376 736 eui
393 686 539 735 abundantia
552 686 719 736 abominabilis
732 693 790 736 erat.

54 758 150 806 Rursus
162 757 252 805 inlmioi
264 757 315 821 ejus
328 756 563 822 reprehendebantur
582 761 606 805 et
621 759 791 822 arguebantur,

55 829 118 892 qnod
130 827 192 875 male
205 831 305 891 agerent
319 827 345 875 in
357 844 410 875 eum
431 826 468 874 oui
488 826 586 875 efferata
599 828 724 876 obediebat
737 844 791 877 san-

55 898 135 961 guinis
148 897 284 961 profluviee,
298 913 358 961 quae
370 901 470 944 naturae
482 897 568 960 inerat,
587 897 608 945 01
625 896 737 947 libertate
749 915 791 948 ro-

53 967 141 1016 luntati
154 982 211 1015 0000
223 968 300 1015 indita
312 967 470 1016 obedientiam
483 967 505 1014 ei
517 972 641 1030 negarent.
805 1024 807 1028 Α

124 1037 204 1085 Annei
221 1037 296 1101 igitur
314 1037 418 1085 humano
435 1037 486 1101 ejus
505 1041 592 1085 natura
603 1037 629 1084 in
640 1038 687 1085 fide
706 1039 790 1087 000110-

54 1108 120 1171 mati,
139 1107 229 1155 inimioi
246 1112 326 1163 autern
345 1107 425 1171 arguti
443 1112 467 1155 et
485 1108 589 1172 correpti
607 1112 663 1155 eunt
675 1108 692 1156 2.
710 1109 791 1158 Arnioi

54 1178 118 1225 enim
131 1178 181 1241 ejus
195 1178 271 1225 edooti
281 1181 343 1240 eunt,
354 1177 424 1241 qnod,
437 1177 636 1241 quemadmodum
649 1178 787 1244 virtusejus

52 1252 163 1297 ventrem
176 1247 297 1296 doloribus
311 1247 447 1310 oruoiatum,
461 1262 532 1311 quem
544 1249 665 1310 tangebat,
679 1249 787 1297 00101111-

53 1321 128 1365 tatem
141 1318 191 1381 ejue
204 1317 308 1380 tetigitl,
321 1317 355 1365 ita
368 1321 391 1363 et
404 1317 454 1381 ejus
467 1316 587 1379 divinitae,
601 1334 661 1381 quae
669 1319 695 1366 in
706 1320 790 1368 huma-

53 1388 129 1435 nitate
140 1387 270 1449 habitabat,
284 1388 314 1435 ad
332 1386 460 1435 utilitatem
473 1386 628 1436 humanitatis
646 1388 790 1438 humanitati

53 1457 223 1505 assooiabatnr.
241 1458 333 1506 Verum
350 1456 440 1505 inimioi
458 1458 508 1520 ejus
526 1456 632 1521 lapidem
651 1458 788 1508 offensionis

55 1543 109 1575 eum
123 1527 169 1575 sibi
180 1527 287 1591 ponerell
302 1527 446 1590 maluerunt,
459 1527 581 1575 dieentes:
601 1527 674 1591 Legis
692 1528 789 1593 irnperi-

54 1601 94 1645 100
105 1596 114 1627 5
127 1601 170 1659 est,
183 1597 239 1661 quia
250 1597 337 1645 mulier
351 1598 423 1661 juxta
440 1597 520 1660 legem
532 1597 655 1645 immunda
668 1600 788 1647 00101011-

56 1667 98 1730 git,
111 1682 155 1714 neo
167 1682 220 1714 eam
238 1667 327 1731 rejeoit.
348 1666 395 1725 Qui
413 1667 492 1714 oeulos
511 1668 615 1731 propriis
628 1669 738 1716 manibus
751 1674 786 1717 te-

54 1742 138 1800 gentes
157 1752 182 1784 00
200 1736 290 1784 lumine
308 1737 442 1801 privabant,
459 1752 509 1784 non
525 1736 706 1800 intellexerunt,
720 1738 788 1787 illam

54 1807 176 1869 virtutem,
186 1823 233 1870 qua
242 1822 280 1855 ree
289 1806 424 1854 immundae
432 1805 595 1871 purilio-antur,
602 1807 669 1854 nulla
674 1808 787 1857 foeditate

53 1876 175 1941 inquinari
186 1892 263 1941 00000.
276 1876 302 1925 Si
315 1876 378 1923 eninr
395 1877 458 1940 ignis
471 1892 556 1924 aurum
572 1876 678 1941 aliaeque
691 1894 730 1926 ree
743 1880 787 1927 im-

54 1947 156 1995 mundas
166 1947 190 1995 ri
202 1963 245 1994 sua
254 1950 350 2010 purgat,
362 1946 420 2009 quin
430 1946 482 2010 1000
496 1945 688 2010 oommaouletur,
698 1954 786 2013 quanto

53 2018 131 2081 magis
143 2017 220 2065 virtue
234 2016 365 2065 divinitatis
379 2015 469 2064 Christi
480 2016 598 2081 purifioat,
612 2018 670 2079 quin
678 2018 731 2082 1000
742 2019 787 2067 im-

53 2103 115 2150 pura
130 2086 266 2134 effioiatur?
284 2087 347 2133 Nam
365 2085 428 2148 ignis
445 2085 608 2150 purifioatione
621 2103 669 2134 non
681 2093 736 2150 eget
762 2094 787 2138 et

53 2155 254 2206 000100111110001
273 2159 352 2219 001001
369 2155 470 2203 foedare.
495 2155 527 2203 Et
544 2172 606 2219 pura
619 2160 643 2203 et
655 2157 749 2222 impura
765 2161 785 2208 01

50 2226 126 2291 000110
140 2226 243 2289 quodam
255 2225 374 2289 dirempta
392 2229 454 2287 sunt,
466 2240 513 2272 nno
531 2226 598 2274 uenti
615 2226 675 2274 fietu
693 2232 716 2275 01
734 2246 784 2277 nra-

49 2313 96 2360 gno
115 2296 172 2353 00110
190 2295 268 2345 oalore
287 2295 317 2343 ad
335 2310 363 2342 ea
375 2294 526 2359 pertingente
545 2295 737 2362 oommisoentur,
756 2304 783 2347 ut

103 2459 121 2496 1.
136 2458 161 2496 Id
171 2460 215 2497 est:
225 2457 360 2497 Naturaliter.

105 2512 124 2548 2.
138 2511 196 2550 Hueo
206 2512 310 2550 sententia
320 2525 346 2550 ex
356 2510 401 2550 eod.
410 2511 433 2550 B.
444 2511 546 2563 completa
556 2514 594 2551 001.

101 2565 119 2601 3.
134 2565 166 2602 Ad
180 2565 267 2603 verbum
280 2566 332 2604 haee
347 2565 448 2604 sententia
462 2566 491 2603 110
502 2576 524 2604 00
534 2566 610 2610 habet:
627 2576 635 2597 r
645 2566 780 2611 Quemadmo-

46 2616 94 2654 duur
108 2617 174 2655 virtus
190 2620 234 2668 ejus
250 2618 319 2668 tetigit
333 2619 425 2657 ventrem
439 2620 560 2669 oruoiotmn,
570 2622 655 2671 propter
668 2620 779 2662 utilitatem
823 2622 825 2625 ⁴

46 2670 345 2722 11000000011101011011000»,
354 2683 405 2722 [puae
414 2674 477 2711 verba
482 2674 544 2724 juxta
552 2675 671 2712 contextum
680 2673 779 2726 01100011-

47 2723 112 2762 canda
123 2724 182 2762 sunt:
193 2725 369 2768 Quemadmodum
378 2724 443 2764 uirtus
453 2727 505 2776 ejus,
516 2738 568 2776 qrrae
580 2725 649 2775 tetigit
658 2726 698 2764 010.

99 2780 117 2817 1.
131 2777 165 2815 Ita
174 2777 195 2815 in
208 2779 253 2817 ood.
264 2779 287 2816 B.
301 2779 326 2817 In
341 2778 386 2818 eod.
396 2779 427 2818 A:
444 2789 452 2810 u
459 2779 539 2819 Inimici
553 2780 642 2831 lapidem
657 2780 778 2821 offensionis

46 2828 85 2869 01101
96 2832 205 2880 elegerunt
213 2852 231 2872 u·

98 2886 116 2924 5.
126 2883 158 2923 Ad
168 2883 267 2923 verbnm:
278 2885 333 2923 Puer
344 2885 363 2924 in
374 2886 427 2936 lege.
