1780 3151
763 132 807 187 ‘251

78 235 141 294 runt,
153 230 256 288 dolores
266 236 345 280 autem
364 231 564 294 circumcisorum,
577 232 617 295 qui
634 236 721 280 reuera
738 229 810 277 incir-

76 300 175 349 cumcisi
188 307 242 350 sunt
253 302 268 365 ¹,
282 307 426 351 renovantur
439 303 468 350 de
481 302 519 350 die
532 302 557 349 in
570 301 639 363 diem,
652 300 707 365 quia
725 315 769 349 nec
783 299 808 347 in

81 387 123 420 sua
137 372 196 420 urbe
209 372 320 421 manendi
331 371 431 421 facultas
445 373 479 420 eis
490 373 598 432 dabatur,
607 387 651 418 nec
662 371 687 418 in
699 387 750 418 eam
763 369 807 418 ite-

79 458 133 490 rum
145 442 234 491 reverti
252 447 358 507 possunt.
380 442 405 490 Si
418 447 515 506 propter
533 456 626 505 corpus,
640 441 702 505 quod
718 440 808 489 occide-

77 516 140 574 runt„
155 515 179 558 et
191 512 344 577 sepelierunt,
356 512 484 577 opprobria
495 514 524 560 ab
538 511 572 559 eis
584 511 652 559 nobis
665 511 807 573 inferentem

77 581 136 629 haec
148 583 275 646 opprobria
285 582 344 648 ipsis
357 582 518 631 confusionem
529 584 622 646 parant,
634 581 744 646 quiahoc
756 596 807 629 ccr-

78 667 123 714 pus
136 652 280 701 vivificatum
298 657 335 700 cst
353 657 378 700 et
389 653 496 701 surrexit
514 657 538 700 et
555 652 623 700 sedet
640 651 670 699 ad
683 651 807 698 dexteram

78 720 130 769 Dei.
143 721 254 784 Tabuias,
268 737 326 785 quas
338 721 403 771 Deus
416 722 512 785 cncidit7
525 722 647 786 inquibus
666 725 747 769 sancta
764 736 806 768 no«

78 791 162 840 m111a2
175 791 278 854 scripsit,
291 795 388 855 propter
398 808 457 857 quas
468 797 491 840 et
503 808 558 840 area
570 791 677 854 gloriosa
685 794 805 837 construc-

74 865 102 908 ta
114 865 157 923 est,
170 860 267 924 Moyses
280 860 396 924 confregit
408 866 432 909 et
443 861 577 925 fragmenta
594 876 675 909 earum
693 876 741 907 ncn
758 875 807 907 am-

78 930 141 994 ptius
152 931 363 995 conjungebantur,
374 936 397 980 et
403 937 483 996 partes
491 929 589 979 earum5
598 947 645 979 non
655 929 765 994 amplius,
772 929 808 976 uti

78 1004 159 1064 partes
172 1001 284 1065 corperis,
296 1003 503 1064 connectebantur,
515 1017 559 1048 nee
577 1001 634 1062 vita,
646 1016 691 1048 nec
708 1013 808 1048 renora-

79 1069 119 1133 tio,
132 1085 176 1118 nec
187 1070 252 1118 aiiud
265 1071 400 1135 quidquam,
414 1071 477 1135 quod
488 1071 528 1119 vei
546 1071 683 1135 corporibus
700 1073 808 1134 peccato-

78 1156 130 1188 rum
141 1140 189 1203 fiet,
199 1141 233 1188 eis
244 1141 350 1189 dabatur.
359 1143 473 1189 Attamen
482 1158 513 1189 ne
525 1144 656 1205 reponant:
670 1140 770 1189 Sanctus
783 1140 808 1187 in

79 1213 146 1257 utero
159 1227 280 1274 nunquam
297 1211 418 1273 habitavit,
437 1211 551 1260 Ieremias
564 1226 604 1258 ecs
617 1210 703 1274 arguit,
718 1210 759 1273 qui
771 1209 807 1256 di-

79 1279 125 1326 cit:
140 1294 150 1318 u
161 1281 297 1344 Antequam
310 1296 353 1344 ego
365 1281 492 1329 formarem
504 1287 527 1328 te
540 1280 565 1327 in
582 1285 657 1342 utero,
670 1279 771 1344 eogncui
794 1295 806 1326 e

79 1352 103 1395 11
114 1353 240 1414 antequam
253 1350 332 1399 exires
345 1367 358 1398 e
370 1354 461 1414 uentre,
475 1350 619 1399 sanctificari
631 1354 654 1397 11
664 1348 684 1397 ¹⁴.

147 1419 179 1466 Er
192 1420 212 1467 si
224 1421 325 1468 ulterius
338 1420 367 1467 de
385 1435 453 1468 cruce
472 1420 619 1469 occasionem
637 1423 734 1468 sumunt
751 1418 806 1466 iiiuu

78 1487 157 1547 dendi,
171 1505 224 1537 ecce
237 1494 360 1553 serpentes
372 1490 398 1537 in
410 1489 504 1538 deserto
514 1506 553 1538 eos
569 1494 680 1553 arguunt,
694 1489 805 1553 quoniam

77 1556 203 1607 maledicto
226 1564 336 1624 serpente
356 1559 439 1607 fideles
461 1560 537 1608 sanati
559 1563 621 1621 suut,
644 1575 699 1606 nam
719 1559 807 1608 Judaei

77 1627 129 1675 ausi
142 1634 204 1691 sunt,
218 1645 311 1677 crucem
320 1630 414 1677 nemine
424 1630 550 1678 maledicto
562 1633 651 1677 notare.
664 1629 806 1691 1111111111-

76 1702 133 1745 runt
155 1700 253 1747 arietem
274 1699 300 1746 in
319 1701 412 1762 arbore,
433 1700 535 1764 figuram
556 1699 613 1761 agni
632 1699 721 1747 ueriin
736 1713 805 1748 cruce

76 1765 212 1831 glomerat,
240 1769 281 1832 qui
306 1784 349 1832 pro
376 1769 444 1817 Isaac
461 1769 535 1832 ligate
562 1768 677 1816 mundum
703 1768 805 1832 ligatum

74 1835 192 1887 liberarit.
220 1837 281 1897 Quia
301 1838 403 1903 populus
422 1844 473 1887 erat
493 1838 645 1901 maledictus,
667 1854 710 1902 per
732 1838 805 1887 maie-

74 1905 162 1954 dictum
179 1924 219 1957 ecs
238 1908 352 1971 saluauit,
373 1913 457 1972 gentes
475 1913 553 1956 autem
573 1923 616 1972 per
634 1907 805 1957 vivificatorem

73 1977 178 2024 omnium
200 1982 295 2040 sanatae
317 1982 379 2026 sunt.
405 1979 467 2037 Quia
487 1978 569 2025 traditi
591 1982 658 2025 erant
678 1977 804 2027 maledicto

73 2046 186 2110 serpenti,
199 2047 239 2111 qui
252 2051 306 2095 ante
325 2064 364 2096 eos
383 2065 427 2112 per
442 2048 544 2111 Moysen
565 2063 686 2111 expansus
705 2051 749 2110 est,
767 2063 804 2096 cc-

73 2112 170 2162 iuerunt
191 2122 215 2165 et
241 2118 370 2166 adorarunt
397 2123 532 2181 serpentem
559 2132 674 2180 aeneum⁷
697 2117 737 2181 qui
760 2134 805 2180 pre

74 2185 213 2248 corporibus
226 2187 317 2236 animas
329 2186 456 2251 percutiet
470 2188 516 2246 Qui
525 2186 555 2233 ad
565 2191 699 2250 serpentem
714 2202 804 2251 expan-

74 2269 126 2302 sum
147 2256 265 2320 respicere
287 2257 370 2319 notuit,
391 2257 470 2322 plagis
492 2257 540 2304 suis
553 2256 672 2305 interibat.
691 2258 804 2305 Fortasse

74 2339 122 2371 non
135 2330 203 2374 erant
221 2326 288 2390 digni
306 2326 395 2376 intueri
412 2328 437 2376 in
454 2327 540 2389 Deum,
553 2326 606 2393 ideo
625 2327 650 2375 in
668 2331 804 2390 serpentem

74 2392 108 2442 eis
118 2395 219 2445 similem
240 2397 393 2445 intuebantur
406 2402 429 2446 et
443 2397 604 2447 salvabantur.
618 2397 650 2445 Et
667 2397 722 2461 quia
738 2396 803 2445 Deus

126 2535 143 2570 1.
159 2534 191 2572 Sic
200 2535 284 2573 Aucher
293 2534 349 2573 reete
359 2535 412 2573 hunc
427 2535 495 2573 locum
511 2535 580 2581 uertit,
598 2534 631 2584 qui
641 2532 763 2573 adverbum
774 2534 804 2572 ita

73 2597 95 2623 se
104 2584 158 2624 1111
174 2600 178 2624 :
188 2588 277 2627 Dolores
288 2591 356 2626 autem
366 2588 532 2627 circumcisorum
543 2590 564 2626 11
572 2587 768 2626 incircumcisorum.

110 2906 118 2944 t
137 2882 141 2890 .
155 2853 212 2892 Haec
223 2855 244 2891 et
254 2856 363 2903 sequentes
374 2856 426 2894 dirae
442 2852 555 2892 sentcntiae
573 2863 599 2891 eu
611 2852 655 2892 cod.
665 2852 681 2890 B
693 2851 801 2893 correctae

71 2916 108 2943 sun
120 2934 123 2943 .
