1780 3151
236 1052 472 1104 PRAEFATIO
503 1055 698 1106 neironis

164 1707 193 1754 ln
215 1704 316 1754 seeundo
338 1709 401 1753 tomo
423 1702 533 1753 editionis
549 1705 707 1753 Armeniacae
726 1721 825 1769 operrnn

93 1800 111 1833 s.
124 1785 254 1850 Ephraerni
265 1785 365 1834 liabetur
378 1785 446 1848 liber,
459 1783 500 1848 qni
518 1784 655 1833 inscribitur
673 1800 683 1823 «ι
696 1784 824 1848 Evangelii

90 1865 256 1914 eonoordantis
275 1865 406 1929 expositio,
423 1865 511 1913 faotaa
530 1880 547 1911 s.
561 1863 716 1928 Ephraerno,
729 1864 825 1911 doetore

89 1944 150 2007 Syro
166 1972 184 1994 a.
197 1945 250 1993 Hoo
268 1960 285 1992 s.
298 1944 429 2008 Epliraerni
450 1958 517 2008 opns,
530 1942 555 1991 in
575 1942 626 1991 sola
638 1943 721 2007 lingna
738 1945 824 1992 Arane-

89 2022 156 2071 niaoa
169 2027 340 2085 oonservaturn,
353 2023 464 2071 versione
483 2021 569 2070 Latina
588 2021 753 2084 dignissimum
769 2039 823 2071 oeri-

89 2103 134 2165 sni,
146 2120 194 2151 non
213 2103 291 2152 'solnm
310 2108 438 2167 propterea
450 2103 512 2166 qnod
532 2103 582 2150 sino
600 2103 671 2151 dubio
684 2119 823 2166 germanum

89 2198 148 2246 opus
162 2188 198 2231 est
209 2184 279 2247 hujus
293 2184 423 2231 venerandi
435 2181 523 2244 Patris,
534 2181 575 2229 sed
588 2181 627 2230 vel
637 2182 741 2229 inaxirne
751 2198 822 2246 pro]-

88 2265 125 2310 ter
134 2266 227 2311 textum
236 2264 370 2327 Evangelii,
385 2279 454 2327 quern
471 2279 488 2310 s.
499 2263 648 2327 Ephraernns
660 2263 685 2310 in
704 2279 731 2311 eo
744 2264 821 2328 expli-

88 2342 157 2405 oavit,
171 2343 211 2406 qvi
229 2348 337 2391 aeonrate
357 2343 506 2392 examinatas
525 2346 605 2390 textus
624 2342 751 2405 Evangelii
763 2342 820 2390 Dia-

87 2421 173 2469 tessari
191 2422 285 2470 Tatiani
308 2422 435 2472 invenitur.
460 2422 526 2480 Quae
545 2422 579 2469 ita
597 2438 622 2469 se
640 2422 734 2485 habere,
752 2424 820 2470 brevi

89 2499 255 2550 dissertatione
274 2505 417 2567 probaturus
436 2503 539 2567 prirnnnr
553 2503 726 2563 demonstrabo,
739 2503 819 2551 Tatia-

86 2592 142 2625 num
160 2580 308 2629 harrnoniarn
321 2582 454 2646 Evangelii,
468 2598 538 2647 quarn
556 2582 711 2630 Diatesseron
724 2587 817 2645 vooant,
833 2580 834 2583 ’

85 2656 219 2723 eonfeoisse,
233 2661 318 2709 deinde
337 2661 483 2725 argumentis
502 2661 652 2721 oonlirrnabo,
671 2677 689 2708 s.
708 2661 815 2725 Ephrae-

85 2750 149 2782 inirrn
163 2740 358 2789 eornmentarirnn
370 2740 395 2788 in
407 2740 501 2788 Tatiani
514 2740 670 2788 Diatessaron
683 2740 815 2804 soripsisse,

84 2817 181 2881 ejusque
200 2822 395 2870 eommeirtarirnn
409 2806 432 2869 in
445 2821 489 2869 hoe
505 2837 576 2887 opere
590 2820 731 2870 Arrnerriaeo
747 2820 816 2891 nobis

85 2901 250 2946 eonservatum
270 2917 329 2951 esse.
