1780 3151
756 107 803 155 157

63 199 108 256 lias
122 198 162 262 sis,
176 214 218 247 an
239 199 363 263 Ieremias,
377 198 419 247 alii
432 215 538 261 unusex
557 199 682 265 prophetis
696 225 715 261 a,
729 202 755 245 ut
769 196 804 244 eis

64 269 209 331 ostenderet,
223 286 248 317 se
261 285 305 318 neo
317 268 405 331 Ellam,
418 285 462 317 neo
473 286 549 317 unmn
562 287 592 317 ex
605 269 729 334 prophetis
743 282 805 327 esse,

64 339 161 402 Moyses
175 344 198 386 et
210 339 277 387 Elias
288 339 322 386 eis
335 345 507 403 aprraruerunt,
517 344 544 386 ut
557 338 652 401 seirent,
660 340 739 402 ipsum
750 351 805 385 esse

64 407 193 456 Dominum
215 409 395 472 prophetarum.
417 409 514 456 Faoiern
537 425 604 456 suam
616 408 641 456 in
654 412 733 455 monte
747 411 804 455 ante

64 482 166 525 mortem
187 476 380 539 transformarit,
401 494 432 525 ne
454 479 484 525 de
506 477 713 526 transformatione
735 475 804 524 faeiel

57 547 115 610 ,ejus
127 551 182 611 post
203 553 304 594 mortem
326 546 472 609 dubitarent,
486 552 510 595 et
530 551 558 594 ut
580 548 676 610 seirent,
690 562 744 594 eum
763 545 804 609 qui

64 615 200 664 immutavit
212 622 312 678 uestem,
322 633 369 680 qua
383 617 481 665 indutus
495 621 554 680 erat,
568 617 639 665 etiarn
652 631 804 680 corpusque

62 686 165 733 uestitus
184 691 243 749 erat,
256 701 327 750 posse
340 687 470 735 vivificare.
484 687 531 746 Qui
544 686 607 734 enim
626 686 720 750 eorpori
738 686 808 743 inae-7

66 754 200 803 cessibilem
214 755 307 803 animae
321 755 422 817 gloriam
436 757 510 818 dedit,
522 760 602 820 potest
614 755 675 803 illud
689 760 712 803 et
724 754 803 803 virifi-

65 839 119 872 eare
132 841 146 871 a
158 830 243 887 morte,
256 841 327 888 quarn
340 841 423 872 omues
435 827 544 875 homines
559 827 697 888 gustabunt.

135 894 200 941 Etsi
214 895 273 942 deus
291 894 434 959 peregrinus
454 900 491 944 est
506 894 626 957 Christus,
645 910 687 943 our
705 893 804 957 Moyses

66 967 89 1010 θῖ
101 963 168 1010 Elias
182 979 235 1011 oum
254 980 281 1011 eo
299 964 479 1027 loquebantur?
498 965 584 1012 Nonne
598 964 709 1012 Christus
724 963 745 1011 is
758 967 803 1024 est,

64 1032 105 1094 qui
123 1033 225 1096 Moysen
244 1033 360 1081 advitam
373 1038 397 1080 et
415 1033 494 1082 Ellam
513 1033 542 1080 de
558 1034 623 1081 eoelo
640 1033 752 1082 uocauit?
771 1033 804 1080 Et

65 1116 119 1148 eoee
135 1118 165 1150 ea
178 1101 253 1165 priori
266 1106 373 1166 ternpore
386 1103 447 1151 lusti
460 1119 500 1151 eos
514 1103 621 1150 adduxit.
644 1103 669 1151 Si
684 1107 765 1150 autem
777 1101 803 1149 ui

64 1171 200 1218 ascendens
209 1170 289 1219 Ellam
302 1171 330 1218 de
344 1170 409 1219 eoelo
423 1172 530 1233 deduxit,
543 1188 592 1219 non
604 1177 641 1220 est
652 1174 736 1233 bonus,
747 1171 803 1234 quia

65 1255 97 1287 er
109 1240 173 1288 ulnis
186 1241 248 1288 lusti
260 1241 340 1304 rapuit
352 1240 432 1289 Elium
446 1248 469 1290 et
481 1246 568 1289 testere
584 1241 630 1290 sibi
649 1241 756 1289 deduxit.
770 1240 803 1288 Εῖ

64 1309 84 1356 si
97 1309 178 1357 Bonus
194 1309 245 1357 sine
257 1311 324 1358 Iusto
334 1309 437 1373 Moysen
449 1310 605 1373 investigavit
615 1316 639 1358 et
649 1312 700 1374 ejus
709 1311 802 1375 potitus

63 1383 107 1440 est,
120 1379 183 1427 furto
196 1395 264 1427 reum
278 1394 302 1425 se
315 1380 378 1442 feeit,
392 1381 448 1443 quia
460 1385 484 1428 et
497 1396 559 1442 osso,
572 1396 632 1443 quae
645 1381 727 1428 Iustus
741 1380 801 1428 efa-

62 1447 98 1495 oie
111 1448 234 1496 hominum
253 1449 383 1510 abseondit,
397 1465 428 1497 en
441 1449 550 1513 sepulcro
570 1450 632 1496 eruit
647 1453 670 1496 et
689 1449 773 1497 eduxit
785 1449 801 1495 ¹.

62 1517 95 1564 Et
107 1533 180 1580 quum
192 1534 241 1566 uon
254 1518 283 1565 de
297 1518 362 1565 eoelo
375 1518 458 1566 lieret:
474 1534 483 1556 e
496 1518 544 1566 Hie
557 1522 593 1565 est
605 1518 669 1565 filius
685 1534 752 1566 meus
766 1519 802 1566 di-

61 1587 146 1648 leetus,
159 1587 238 1650 ipsum
251 1587 331 1634 aridite
344 1614 363 1648 s,
376 1588 417 1636 ubi
429 1592 480 1635 tum
500 1592 551 1636 erat
569 1587 671 1635 Iustus?
690 1589 755 1636 Num
772 1589 801 1635 ti-

61 1656 122 1703 muit
135 1661 158 1703 et
169 1672 193 1703 se
207 1656 332 1704 abscondit
345 1661 368 1704 et
377 1673 425 1704 non
434 1657 524 1721 prodiit
534 1657 564 1704 ad
570 1672 653 1705 uorem
659 1657 725 1705 illius
733 1657 743 1703 ?
751 1659 802 1707 Aut

61 1741 119 1772 num
128 1726 187 1773 haee
199 1742 248 1774 uox
260 1726 389 1788 Peregrini
407 1726 478 1774 tacite
496 1727 629 1790 praeteriit,
642 1727 700 1790 quin
718 1726 801 1774 Iustus

61 1794 187 1843 audisset?
201 1796 249 1844 seu
271 1811 332 1858 eeoe,
346 1811 418 1859 super
440 1795 540 1843 tertium
552 1796 645 1843 eoelum
662 1800 706 1858 est,
718 1801 745 1842 ut
764 1797 799 1843 di-

62 1868 125 1927 eunt,
140 1870 163 1912 et
175 1865 258 1912 Iustus
272 1881 365 1929 quoque
386 1880 457 1928 super
471 1865 549 1912 eoelos
563 1869 606 1913 est.
626 1864 749 1923 Quomodo
763 1881 800 1913 er-

62 1950 92 1995 go
110 1935 170 1982 haee
182 1935 231 1982 rou
243 1939 267 1981 et
284 1934 343 1981 haee
361 1936 436 1983 uerba
455 1951 509 1982 eum
527 1935 800 1999 pertransierunt,quin

61 2018 90 2049 ea
103 2004 246 2068 pereiperet,
258 2007 281 2050 et
294 2004 314 2051 si
327 2004 443 2067 percepit,
454 2020 495 2051 our
508 2005 582 2051 taeuit
592 2005 622 2051 ad
635 2019 729 2051 omnem
739 2005 800 2052 hano

62 2071 237 2134 gloriationem,
248 2088 308 2137 quae
319 2074 351 2120 de
365 2090 392 2120 eo
405 2074 544 2137 praedicata
557 2074 613 2121 est?
626 2074 661 2136 lp
670 2089 734 2121 sum
752 2090 800 2120 au-

62 2142 128 2190 dite
152 2147 181 2189 et
198 2142 248 2190 uir
258 2142 327 2189 etis.
347 2142 488 2206 Quicunque
502 2139 561 2206 ergo
579 2143 650 2190 aliam
663 2157 746 2191 roeem
758 2159 799 2189 au-

62 2211 104 2273 dit,
120 2216 197 2260 morte
219 2213 340 2259 morietur.
353 2214 404 2260 nur
424 2229 481 2259 num
503 2216 599 2275 paetum
621 2211 717 2275 aliquod
737 2212 799 2259 inter

62 2297 88 2328 se
107 2280 220 2342 inierunt,
242 2285 268 2327 ut
293 2296 340 2327 uno
358 2285 466 2345 tempore
484 2281 530 2329 iste
549 2281 703 2344 loqueretur:
726 2294 734 2316 ε
747 2281 801 2343 Ego

63 2366 116 2397 suni
128 2367 142 2397 a
153 2350 271 2414 prinoipio
285 2354 308 2397 et
327 2367 402 2413 usque
421 2351 446 2398 in
458 2350 538 2412 finem,
550 2366 595 2397 nee
614 2356 650 2399 est
668 2349 736 2410 alius,
755 2366 800 2397 neo

60 2436 98 2466 me
111 2419 185 2484 prior,
198 2435 243 2467 nee
255 2435 293 2466 me
312 2421 431 2482 posterior
441 2447 459 2482 a,
473 2425 497 2467 θῖ
510 2420 556 2468 alio
569 2424 675 2483 tempore
691 2418 752 2466 alter
766 2420 801 2466 di-

62 2494 143 2537 eeret:
158 2505 168 2527 ε
180 2490 227 2537 Hie
240 2493 276 2537 est
288 2488 365 2537 Filius
378 2507 445 2538 meus
459 2490 568 2553 dileetus,
580 2490 659 2553 ipsum
672 2488 753 2535 audite
767 2515 776 2536 e
789 2488 800 2534 ⁴?

110 2594 112 2599 f
132 2559 170 2605 Et
189 2561 257 2607 dum
277 2558 564 2607 deseerrdebentde
583 2562 694 2618 monte,
713 2574 800 2620 prae-

63 2632 190 2691 septum
210 2628 299 2676 dedit
317 2627 370 2691 eis,
385 2633 415 2676 et
434 2629 533 2677 dixit:
551 2628 675 2688 Cavete,
694 2643 730 2673 ne
750 2627 799 2674 oui

64 2696 184 2747 dicatis
198 2698 358 2747 visionem
376 2698 462 2762 liano,
479 2695 800 2762 quarrruidistisflur?

114 2855 132 2891 1,
149 2851 179 2892 Of.
189 2853 252 2894 Dour.
263 2855 295 2904 el,
306 2856 324 2893 6.
