1780 3151
724 122 754 169 93

22 216 133 274 staretur,
146 209 207 259 dona
220 209 309 259 datoris
328 210 365 259 sui
383 215 448 259 certa
466 226 519 259 esse
538 215 562 259 et
579 208 666 258 fidelia.
686 209 753 257 Haec

22 283 85 331 enim
97 282 208 330 salutatio
222 282 285 345 apud
298 297 352 328 eum
364 285 422 343 erat,
435 281 476 344 qui
488 297 540 328 eam
550 273 630 342 dabat,
651 283 675 327 et
688 280 752 344 apud

21 368 61 400 eos
74 352 115 415 qui
128 368 179 399 eam
189 351 343 415 accipiebant,
360 350 417 412 quin
429 351 576 398 minueretur
592 356 752 414 1111111111-

20 427 66 470 tur.
77 421 144 469 Haec
154 420 265 468 salutatio
275 419 497 481 111111111111111111,
507 419 605 467 Patrem
613 424 699 468 natura
709 437 752 469 sua

21 491 85 555 apud
97 506 179 538 onmes
192 489 253 537 1111
265 490 374 537 omnibus
387 503 447 551 esse,
457 493 480 536 et
490 488 626 551 declaravit,
636 489 725 537 Filium
738 507 752 538 a

19 562 92 609 Patre
101 560 208 622 missum,
218 564 323 607 ettotam
330 574 382 607 esse
390 558 454 623 apud
466 574 554 620 omnes,
565 562 588 606 et
600 558 672 606 finem
682 575 750 607 suum

20 629 84 696 apud
95 630 200 678 Patrem.
214 628 331 687 Quoniam
344 632 424 676 autem
436 628 513 676 Filius
526 628 605 692 imago
616 632 652 676 est
662 628 749 690 Patris,

19 716 148 764 numquam
160 699 262 749 cessavit
274 699 420 764 praedicare,
434 715 478 746 nec
490 698 595 747 docendo
608 698 750 763 defatigatus

20 775 64 832 est,
82 771 156 818 donec
174 770 265 832 figurae
290 769 391 834 typicae,
409 770 481 817 rebus
505 768 564 833 ipsis
585 767 750 833 implerentur,

18 841 135 903 imagines
148 856 191 903 per
203 840 329 888 veritatem
340 839 412 888 finem
430 839 571 903 acciperent,
590 838 750 888 adumbratio-

20 926 63 958 nes
81 910 133 974 ipso
152 924 250 973 corpore
269 909 436 958 sufficerentur
449 913 473 957 et
485 909 563 956 omnia
580 910 696 972 mysteria
707 926 750 973 per

18 996 100 1029 veram
117 979 360 1043 repraesentationem
372 994 476 1042 emensa,
495 978 592 1026 definita
604 982 628 1026 ct
642 994 750 1028 consum-

19 1053 85 1097 111111
97 1053 184 1097 essent.

87 1120 144 1167 Ideo
162 1120 263 1167 verbum
276 1118 366 1167 Christi
384 1119 409 1166 in
427 1119 556 1181 auditores,
575 1118 652 1183 quiid
664 1134 748 1184 capere

18 1194 126 1253 possunt,
145 1189 214 1252 quasi
233 1189 359 1251 coagulum
382 1189 507 1251 mittimus,
532 1204 577 1252 quo
599 1194 748 1253 separentur,

18 1259 59 1306 sed
70 1264 93 1306 et
102 1258 228 1321 uniantur,
238 1259 351 1307 nimirum
364 1263 504 1322 separentur
518 1263 541 1306 et
554 1258 721 1322 disjungantur
735 1276 749 1307 a

17 1344 96 1376 massa
105 1328 178 1376 cruda
187 1329 277 1389 mundi,
284 1329 397 1376 uniantur
407 1333 486 1376 autem
495 1327 585 1376 Christi
595 1329 636 1393 qui
645 1344 748 1377 commu-

18 1398 117 1446 nitatem
130 1398 243 1446 eoclesiae
256 1397 354 1461 colligit.
365 1397 411 1445 Cui
426 1415 513 1461 magna
524 1414 618 1461 corona,
636 1414 749 1462 magnum

19 1484 112 1531 quoque
125 1473 245 1516 certamen
258 1484 311 1516 esse
324 1472 424 1532 oportet.
441 1467 510 1515 Licet
521 1467 546 1516 id
563 1469 597 1516 ita
615 1483 640 1516 se
654 1468 748 1531 habeat,

18 1543 99 1585 tamen
111 1538 189 1600 gloria
201 1538 315 1586 victoriae
334 1554 387 1586 cum
406 1538 523 1602 parvitate
536 1538 672 1587 certaminis
685 1554 747 1586 com-

17 1607 98 1672 parari
115 1608 205 1670 nequit.
225 1607 358 1656 Careamus
377 1612 465 1671 autem,
483 1624 512 1656 ne
527 1624 592 1656 error
605 1608 704 1656 subdole
717 1610 747 1656 ad

18 1693 60 1724 nos
73 1677 146 1725 intret
158 1682 182 1724 et
191 1693 258 1725 arma
269 1681 352 1725 nostra
364 1677 454 1738 induat,
473 1678 529 1742 quia
540 1678 624 1725 faciem
637 1693 704 1725 suam
716 1679 746 1726 ad

17 1762 99 1794 111111
112 1746 202 1795 1111111
214 1751 291 1795 mutat
303 1752 326 1794 et
339 1746 437 1794 calicem
451 1747 595 1795 suumomni
608 1763 746 1813 1111111111-

16 1821 55 1864 tus
67 1820 185 1880 temperat
196 1816 211 1863 l.
224 1817 275 1865 Nos
286 1816 416 1866 Christiani
425 1816 508 1865 ludaei
518 1833 599 1865 sumus
611 1817 637 1865 in
649 1819 746 1866 abscon-

17 1886 74 1948 dito,
86 1885 218 1934 circumcisi
229 1886 322 1952 spiritu,
333 1886 453 1937 benedicti
461 1903 504 1951 per
513 1887 718 1950 regenerationem
728 1888 747 1951 2,

18 1960 42 2002 et
53 1972 96 2020 per
106 1957 251 2019 sanguinem
264 1957 395 2005 Christiani
405 1961 428 2004 11
437 1973 480 2021 per
494 1958 639 2006 sanationem
652 1957 747 2023 integra

19 2025 156 2073 valetudine
169 2026 307 2089 gaudentes.

87 2095 251 2143 Discutite
280 2097 445 2160 pulverem
481 2097 592 2161 pedum
622 2101 744 2146 vestro-

17 2181 88 2227 rum,
100 2170 127 2212 ut
138 2165 250 2227 indicent,
260 2165 339 2213 Deum
351 2165 380 2212 sle
392 2165 440 2213 illis
452 2166 580 2215 vindictam
593 2170 744 2230 sumpturum

16 2249 76 2297 esse,
90 2235 145 2298 quia
157 2239 181 2282 et
192 2234 323 2300 pulverem,
336 2235 461 2299 (1111111111
473 2236 512 2285 via
524 2235 639 2299 adhaesit,
652 2237 677 2285 in
689 2238 743 2286 illos

14 2305 132 2369 rejiciunt,
145 2306 207 2353 unde
221 2308 370 2368 cognoscant,
387 2304 430 2353 bos
448 2321 493 2369 per
507 2304 571 2354 viam
583 2312 742 2356 1111111111-

14 2379 110 2424 seuntes
122 2375 152 2423 ad
165 2392 205 2424 eos
218 2391 357 2437 reversuros
370 2374 449 2423 essel.
468 2375 515 2434 Qui
528 2375 653 2440 pulverem
665 2377 741 2440 justo-

14 2461 68 2492 rum
80 2445 206 2494 remissurn
219 2445 344 2509 accipiunt,
357 2444 403 2493 nisi
416 2449 592 2508 convertantur,
610 2446 739 2495 vindictam

15 2530 108 2579 quoque
125 2520 246 2565 merentur
264 2516 392 2580 justorum,
411 2516 452 2580 qui
470 2515 576 2581 pulvere,
594 2532 641 2563 1111
659 2520 739 2566 autem

67 2670 84 2706 1.
98 2670 131 2708 Ita
140 2671 266 2721 probabilius
274 2674 336 2723 juxta
348 2673 392 2712 cod.
402 2675 425 2712 B.
435 2674 555 2714 Lectionem
570 2674 614 2713 cod.
624 2674 642 2712 A
659 2675 680 2712 et
693 2678 738 2715 tex·

13 2722 150 2816 pppuismpressi
159 2725 242 2764 Aucher
251 2726 314 2765 vertit
322 2741 327 2766 ε
336 2727 363 2765 Et
372 2727 428 2766 lavat
438 2728 520 2767 calicem
534 2739 592 2766 suum
603 2728 681 2767 cunctis
691 2742 738 2781 1111-

66 2805 85 2868 1.
99 2830 132 2868 Ad
141 2829 226 2868 verbum
235 2847 239 2870 :
249 2833 290 2871 Per
299 2833 433 2872 nativitatem.

67 2885 84 2920 3.
99 2883 197 2922 Nimirum
207 2886 310 2935 tamquam
317 2886 404 2938 judices.
