1780 3151
277 232 588 326 EVANGELH
675 317 677 320 ,

69 422 480 497 ooucornrurrs
509 418 795 491 urrcsrrro

425 599 444 637 a

141 714 370 772 SANOTO
394 708 728 768 EPHRAEMO

326 860 444 888 ΜῦΤθΙῐΕ
454 854 533 887 SYRO¹

288 985 581 1023 ELUOUBRA'rA.

382 1084 486 1091 -u-a-

335 1246 537 1297 CAPUTI.

133 1461 212 1519 Quare
230 1459 348 1507 Dominus
366 1461 448 1506 noster
466 1473 563 1507 carnem
580 1457 678 1506 induit?
695 1459 729 1508 Ut
747 1458 801 1523 ipsa

63 1549 117 1581 caro
130 1531 243 1579 victoriae
257 1528 345 1593 gaudia
362 1532 478 1591 gustaret,
494 1533 518 1576 et
538 1529 600 1576 dona
612 1529 703 1591 gratiae
716 1529 800 1593 explo-

61 1608 114 1651 rata
132 1605 156 1647 et
172 1601 268 1663 cognita
284 1600 390 1647 haberet.
410 1597 436 1645 Si
453 1597 517 1646 Dour
537 1598 588 1646 sine
608 1613 677 1647 carne
695 1599 799 1663 uicisset,

62 1686 122 1734 quae
136 1671 157 1717 ei
168 1670 331 1718 tribuerentur
343 1667 444 1715 laudes?
455 1668 516 1715 Secu
524 1669 571 1730 ido,
581 1671 608 1716 ut
616 1668 733 1717 Dominus
743 1685 798 1718 nos-

62 1745 99 1788 ter
111 1739 263 1787 manifestum
274 1739 370 1800 faceret,
389 1752 413 1785 se
426 1737 493 1785 initio
507 1738 633 1786 creationis
647 1755 799 1803 nequaquam

63 1825 94 1857 ex
112 1806 202 1857 inuidia
219 1808 377 1872 prohibuisse,
397 1807 519 1871 quominus
542 1809 613 1856 hcmo
631 1808 699 1857 fieret
717 1809 797 1874 Deus,

62 1880 118 1942 quia
129 1878 205 1942 majus
219 1882 262 1941 est,
275 1878 338 1942 quod
349 1877 466 1925 Dominus
479 1893 515 1925 nor
526 1882 561 1926 ter
575 1877 708 1926 innomine
720 1879 798 1927 humi-

61 1948 171 2010 liabatur,
190 1964 262 2012 quam.
280 1948 343 2012 quod
361 1947 387 1994 in
405 1962 440 2010 eo,
458 1947 515 1995 dum
528 1964 629 2011 magnus
642 1953 666 1996 et
678 1949 798 2013 gloriosus

61 2024 119 2082 crat,
131 2019 254 2067 habitabat
264 2016 281 2065 Ξ.
293 2018 358 2067 Hinc
369 2017 445 2066 illud:
466 2032 476 2055 1
488 2017 540 2081 Ego
557 2017 622 2065 diri:
635 2018 676 2066 Dii
689 2018 746 2067 estis
756 2018 766 2048 5
776 2047 795 2070 η,

113 2168 132 2204 1.
146 2167 232 2205 Armeni
246 2167 392 2217 cognominant
406 2167 572 2217 S·Eplrraemurn
585 2168 631 2214 [unp
640 2166 688 2217 chor,
698 2168 796 2217 vellunplr

59 2220 115 2270 ebori,
124 2220 157 2259 ve]
166 2223 236 2269 lunplm
245 2222 313 2270 coorta,
323 2221 357 2260 vel
365 2223 424 2269 {unp
433 2222 483 2269 clun,
499 2220 552 2269 quod
566 2222 598 2257 cst
612 2220 718 2270 Syriacum
732 2224 795 2269 Oory'o,

59 2272 101 2311 11.
115 2272 188 2312 tector.
202 2274 314 2312 Lectcrcm
327 2275 397 2313 autem
410 2273 431 2311 in
445 2273 484 2311 hoc
493 2273 553 2312 titulo
565 2284 627 2311 sensu
637 2273 706 2312 latiori
715 2286 796 2312 sumen-

59 2324 107 2364 dum
121 2339 166 2365 csse
181 2329 203 2366 et
217 2327 400 2366 commentatorem
419 2327 453 2364 vel
466 2326 578 2365 Doetcram
593 2326 717 2377 significare,
736 2330 795 2367 recte

59 2378 79 2416 in
94 2379 172 2420 Lexico
187 2381 210 2419 P.
226 2381 292 2419 Emm.
310 2380 409 2419 Oiakoiak
421 2380 498 2419 dictum
514 2383 547 2418 (st
567 2379 613 2430 Syri
628 2379 796 2431 S.Epln'ae1num

58 2430 170 2472 Ductorem
181 2434 327 2484 cognominare
338 2434 411 2473 scient.
421 2432 534 2472 Annctatio
542 2432 598 2471 infra
606 2432 669 2471 lineas
677 2434 749 2472 textus
758 2435 795 2473 im-

58 2486 125 2533 pressi
134 2487 154 2524 h.
164 2486 177 2524 l.
186 2487 255 2537 posita
264 2486 293 2525 ita
303 2490 374 2527 sonat:
388 2497 396 2518 t
405 2486 429 2524 In
442 2485 542 2538 princiuic
553 2485 629 2525 codicis
640 2499 793 2538 nonnumquam

58 2536 161 2577 vocabula
171 2538 241 2579 deleta
250 2540 304 2588 sunt,
319 2543 342 2578 ut
351 2542 428 2592 puncta
440 2541 514 2578 interm
522 2540 563 2578 adia
579 2539 696 2579 ostendunt.
710 2540 752 2578 Ubi
766 2551 793 2579 ex

58 2589 158 2628 contextu
167 2594 265 2631 sermonis
273 2593 323 2632 hacc
331 2593 433 2633 voeabula
443 2593 530 2642 intelligi
538 2596 642 2644 poterant,
650 2605 702 2643 quae
710 2592 792 2644 desunt,

59 2642 207 2692 complerimus
217 2648 239 2683 et
246 2647 313 2685 literis
322 2647 442 2686 minusculis
452 2646 518 2685 indica
524 2647 587 2685 rimus
596 2667 613 2688 1.

111 2696 131 2733 2.
145 2696 416 2739 Praecedenssententiaita
422 2711 503 2750 quoque
510 2712 519 2738 1
526 2699 563 2738 arti
568 2699 645 2749 potest:
653 2698 720 2744 iouia
725 2701 792 2751 major

58 2747 180 2796 mathomo,
192 2750 213 2788 in
228 2764 267 2802 qno
281 2753 380 2793 Dominus
394 2754 466 2792 noster
479 2752 632 2801 humiliabatur,
648 2764 707 2801 quam
719 2754 761 2803 ille,
770 2754 791 2792 in

59 2813 106 2852 quo,
117 2801 163 2840 dum
173 2814 259 2852 magnus
270 2810 292 2844 et
304 2807 407 2856 gloriosus
421 2808 472 2854 erat,
481 2804 588 2845 habitabat
594 2825 612 2847 1.
626 2805 691 2850 Quasi
702 2804 790 2846 diceret:

56 2855 126 2948 Majo3r
136 2855 281 2947 11111Αά111111
292 2860 403 2911 secundus,
413 2872 473 2911 quam
483 2858 575 2899 Adomus
585 2858 669 2910 primus.

126 2936 131 2947 .
151 2920 218 2948 ⁴saun.
228 2911 260 2960 81,
272 2913 289 2949 6.
